3398 5400
586 358 664 429 regni
679 357 939 431 Hierosolymitani.
1356 385 1411 444 ¹5³

111 453 1197 461 ——nffl———Qm—-m
1210 454 1414 461 ...ss—*-

108 580 281 656 Romanus,
307 579 532 661 Tripolitanus,
559 578 723 656 Radullus,
750 578 950 657 Sebastensis,
977 577 1132 656 Albertus,
1158 578 1414 653 Bethlemitanus,

109 669 145 730 V.
164 668 415 746 Gaimlbulensis,
442 669 580 749 episcopi
601 685 630 729 et
647 669 754 729 Petrus
777 667 810 745 II,
836 668 866 729 S.
885 668 1049 750 Sepulchri
1074 668 1173 749 prior,
1200 668 1280 728 vices
1305 686 1415 746 gerens

110 756 287 835 (Amalrici),
312 750 498 839 patriarchae
523 757 800 839 Hierosolymitaui
824 756 946 833 (Mami,
969 758 1091 820 Concil.
1118 758 1212 835 XXII,
1236 777 1265 839 p.
1286 777 1346 836 215
1367 754 1414 835 [cf.

109 867 138 929 p.
154 845 247 928 462];
274 849 439 929 d'Acbery,
457 847 601 929 Spicileg.
619 848 640 926 Ι,
665 868 696 928 ρ.
715 849 795 927 637;
822 847 946 926 Reuter,
965 848 1139 908 Alexander
1155 847 1202 926 III,
1220 847 1268 925 III,
1286 867 1315 928 p.
1335 847 1414 919 767;

109 937 206 999 Guill.
224 938 262 998 de
278 938 365 1018 Tyro
382 937 463 1016 XXI,
480 957 505 998 c.
525 937 586 1014 26).
1345 932 1415 994 575

158 1039 248 1102 1179
266 1044 353 1104 Mart.
378 1063 423 1121 ¹9·
457 1042 609 1104 Laterani.
637 1075 680 1084 —-
706 1041 881 1103 Alexander
906 1041 944 1102 III
969 1041 1119 1121 Iohanni,
1146 1042 1246 1103 abbati
1272 1040 1416 1103 ecclesiae

110 1133 228 1194 Montis
239 1132 315 1194 Sion
330 1132 641 1214 Hierosolymitanae,
652 1147 883 1192 antecessorum
894 1133 1072 1212 exemplum
1084 1148 1236 1211 sequutus
1246 1130 1415 1212 privilegia,

109 1220 176 1300 jura
201 1237 230 1282 et
255 1222 469 1302 possessiones
498 1220 670 1299 confirmat,
696 1239 831 1300 quarum
857 1221 890 1281 iu
916 1240 1049 1282 numero
1074 1236 1162 1281 vocat
1185 1220 1414 1282 ultramarinas:

108 1328 210 1373 totum
221 1314 363 1372 Montem
375 1311 451 1372 Sion
462 1330 535 1372 cum
545 1309 747 1393 pertinentiae
762 1311 945 1391 integritate,
957 1330 1019 1390 qua
1029 1310 1092 1371 dux
1104 1311 1305 1372 Godofredus
1321 1310 1415 1388 dedit,

109 1401 261 1480 angulum
279 1400 416 1473 civitatis,
433 1401 488 1481 qui
505 1416 549 1462 est
565 1401 603 1461 ad
620 1400 775 1460 dexteram
792 1416 821 1461 et
838 1400 991 1461 sinistram
1009 1400 1193 1461 intrantibus
1217 1400 1415 1475 iherusalem,

109 1509 146 1552 ex
163 1506 246 1570 parte
257 1489 345 1567 Sion,
356 1510 452 1571 quem
470 1491 589 1571 primus
605 1509 657 1550 rex
673 1488 848 1550 Balduinus
864 1488 1007 1569 contulit,
1025 1490 1142 1551 tabulas
1159 1489 1281 1567 cambii,
1297 1490 1416 1567 hortos,

110 1579 218 1641 balnea
235 1596 263 1640 et
280 1580 403 1657 domos,
421 1599 498 1659 quas
521 1580 599 1640 infra
623 1597 730 1640 muros
750 1579 877 1639 civitatis
893 1596 922 1640 et
938 1595 1021 1640 extra
1037 1578 1164 1640 ecclesia
1181 1579 1327 1659 possidet,
1345 1597 1416 1639 cum

109 1669 269 1750 apertione
286 1669 368 1730 muri
384 1669 422 1730 ad
442 1668 614 1730 faciendam
638 1685 769 1749 portam,
792 1684 904 1729 terram
927 1669 1088 1748 burgesiae
1111 1684 1195 1730 extra
1211 1667 1417 1729 Acheldemac

110 1777 182 1819 cum
206 1758 305 1819 vineis
329 1778 435 1819 versus
461 1758 623 1819 meridiem
649 1757 721 1836 sitis,
746 1774 857 1818 terram
881 1759 1045 1839 Asquatim
1068 1759 1100 1826 irt
1124 1757 1261 1836 sorbael,
1286 1758 1417 1837 vineam,

87 1896 89 1900 .
110 1867 205 1928 quam
223 1848 307 1908 dedit
317 1849 485 1909 Anselmus
502 1848 540 1908 de
556 1847 686 1924 Parenti,
703 1863 812 1908 terram
825 1848 1064 1925 Machomeriae,
1081 1865 1193 1909 terram
1203 1848 1297 1908 fontis
1308 1850 1417 1909 subtus

110 1937 211 2020 positi,
228 1956 301 1997 cum
319 1938 387 2018 ipso
404 1938 499 2015 fonte,
511 1956 607 2018 quem
618 1937 700 1997 dedit
712 1937 818 1999 Guido
835 1938 873 1999 de
885 1938 963 1998 Milli
980 1958 997 1998 a
1014 1938 1103 1999 Cedo
1118 1936 1159 2016 (l),
1175 1938 1271 1998 casale
1283 1936 1417 2016 Martini,

110 2028 216 2104 casale,
228 2027 315 2107 quod
327 2026 384 2087 fuit
400 2027 546 2108 Hugonis
563 2028 601 2088 de
618 2027 755 2105 Gorron,
773 2028 970 2108 Dersophath
987 2043 1016 2088 et
1032 2043 1144 2088 terram
1161 2027 1305 2104 vicinam,
1322 2046 1417 2107 quam

110 2116 194 2177 dedit
217 2116 395 2194 Anselmus,
421 2116 528 2177 casalia
551 2133 580 2177 et
602 2116 744 2195 gastinas,
769 2137 845 2197 quas
869 2116 974 2178 fratres
993 2133 1137 2178 emerunt
1153 2118 1190 2177 ab
1207 2115 1363 2177 Almerico
1380 2116 1418 2176 de

110 2204 314 2284 Francoloco,
332 2205 446 2267 scilicet
463 2207 577 2278 Gebea,
595 2206 709 2284 Ubeth,
728 2207 922 2285 Dormibedi,
947 2206 1105 2284 Kariateri,
1123 2206 1282 2284 Genesim,
1300 2206 1417 2283 Casert,

110 2294 246 2376 Tyberie
263 2313 336 2357 cum
353 2296 554 2376 pertinentiis,
566 2296 744 2377 Caphason,
756 2296 860 2357 Aneth
878 2311 906 2356 et
923 2296 1059 2374 Amieth,
1077 2295 1102 2357 F
1103 2296 1265 2370 arafronte,
1284 2296 1315 2356 in
1331 2293 1418 2356 terri-

110 2383 419 2447 torioAscalonitano
428 2384 748 2447 casaIeCartaIascum
757 2386 918 2447 medietate
928 2385 1418 2464 decimarum,casaleRomenbre

111 2493 183 2535 cum
200 2474 392 2555 pertinentiis
409 2490 438 2536 et
453 2475 580 2555 integris
597 2475 734 2553 decimis,
759 2475 872 2537 domos
889 2490 918 2535 et
934 2475 1176 2536 machomeriam
1197 2473 1368 2547 Ascalonia,
1386 2473 1418 2534 in

110 2564 258 2645 Joppensi
280 2564 433 2626 territorio
457 2579 577 2643 terram,
593 2584 689 2645 quam
713 2566 797 2625 dedit
813 2566 920 2643 Wid0,
943 2584 1048 2626 comes
1063 2565 1238 2646 Joppensis,
1262 2583 1418 2625 consensu

112 2653 226 2731 uxoris,
243 2653 423 2714 viridarium
440 2673 513 2714 cum
530 2670 617 2731 terra,
629 2673 725 2734 quam
742 2655 826 2715 dedit
842 2655 1025 2716 Lambertus
1041 2653 1178 2731 Galioth,
1194 2654 1228 2715 in
1244 2655 1320 2714 urbe
1338 2655 1418 2714 Nea·

111 2742 176 2825 poli
193 2743 306 2804 domos
323 2758 352 2803 et
369 2743 401 2804 in
418 2744 572 2805 territorio
589 2741 655 2821 ejus
671 2744 778 2822 Burin,
802 2744 1020 2824 Caphastrum,
1044 2743 1117 2822 Gul,
1125 2744 1145 2821 ¹)
1163 2742 1293 2805 Gerable
1306 2742 1328 2820 2)
1346 2762 1417 2803 cum

111 2832 303 2915 pertinentiis
320 2847 349 2893 et
371 2833 497 2914 integris
520 2832 648 2894 decimis
664 2835 702 2894 ab
718 2833 995 2894 iherosolimitanis
1018 2833 1196 2914 patriarchis
1220 2832 1374 2894 concessis
1390 2847 1419 2892 et

111 2920 311 2999 confirmatis,
336 2922 368 2982 in
390 2922 543 2983 territorio
567 2922 753 2984 Sebastiensi
774 2923 881 2984 casalia
897 2922 991 2984 Fame
1008 2939 1037 2983 et
1053 2927 1119 3001 Age
1137 2921 1419 3004 compertinentiis

110 3026 141 3072 et
156 3012 320 3072 medietate
338 3012 541 3090 decimarum,
565 3011 597 3072 in
615 3012 767 3073 territorio
784 3011 975 3073 Caesariensi
999 3013 1106 3073 casalia
1123 3011 1204 3091 Sida,
1228 3011 1418 3089 Caforana,³)

110 3101 210 3163 Canet
226 3120 299 3162 cum
322 3101 516 3182 pertinentiis
533 3118 561 3162 et
578 3102 739 3162 medietate
763 3102 964 3179 decimarum,
989 3103 1120 3162 domum
1145 3102 1230 3163 urbis
1253 3102 1419 3163 Caesareae

109 3189 247 3269 liberam,
258 3191 291 3251 in
299 3190 430 3268 Ligione
442 3191 465 3252 II
476 3210 615 3252 carrucas
626 3205 721 3252 terrae
733 3207 762 3252 et
773 3192 1000 3270 molendinum,
1012 3191 1036 3251 II
1044 3191 1161 3270 jardina
1172 3211 1245 3252 cum
1256 3191 1419 3252 medietate

110 3280 311 3359 decimarum,
328 3281 461 3341 domum
477 3281 628 3361 ligionis,
646 3280 678 3341 in
695 3280 848 3342 territorio
861 3281 1054 3342 Acconitano
1065 3280 1162 3342 casale
1174 3281 1284 3362 Miary,
1297 3296 1418 3360 terram,

108 3369 231 3430 vineam
243 3385 272 3430 et
282 3371 399 3449 hortos,
410 3370 551 3431 ecclesias
562 3371 593 3432 S.
603 3371 757 3432 leonardi
775 3387 804 3431 et
820 3371 850 3432 S.
862 3371 1007 3447 Romani,
1019 3371 1132 3431 domos
1142 3390 1215 3432 cum
1227 3370 1419 3451 pertinentiis

108 3459 142 3520 in
159 3459 267 3523 eadem
284 3459 403 3520 civitate
420 3476 449 3521 et
466 3460 591 3539 integris
608 3461 745 3538 decimis,
769 3461 801 3521 in
821 3460 972 3522 territorio
989 3460 1126 3521 Turensi
1149 3459 1245 3521 casale
1270 3460 1419 3521 Messoria

108 3568 182 3610 cum
205 3549 398 3631 pertinentiis
422 3566 451 3609 et
473 3550 497 3609 ΙΙ
515 3569 654 3610 carrucas
677 3551 792 3610 vicInas
809 3566 838 3611 et
854 3550 878 3610 II
895 3550 967 3610 alias
991 3568 1130 3611 carrucas
1154 3565 1250 3610 terrae
1275 3548 1307 3610 in
1330 3549 1419 3609 casali

109 3638 262 3700 Sardenas
272 3658 345 3700 cum
356 3639 549 3720 pertiuentiis
566 3656 594 3700 et
610 3640 773 3700 medietate
785 3640 988 3718 decimarum,
1001 3640 1031 3700 in
1043 3640 1162 3701 civitate
1173 3640 1249 3720 Tyri
1260 3637 1419 3699 ecclesiam

108 3726 139 3790 S.
158 3728 313 3789 Leonardi
330 3743 360 3789 et
376 3729 489 3790 domos
506 3749 578 3789 cum
595 3728 797 3810 pertinentiis,
824 3729 855 3789 in
872 3729 991 3790 civitate
1009 3729 1142 3791 Gibeleti
1158 3729 1245 3791 XXV
1262 3728 1419 3806 bisantios,

108 3817 294 3879 Antiochiae
311 3818 454 3896 domum,
480 3818 511 3878 in
529 3816 669 3896 eiusdem
687 3818 840 3879 territorio
857 3819 1000 3897 domum,
1025 3819 1057 3879 in
1074 3818 1144 3879 villa
1162 3820 1200 3879 de
1218 3818 1305 3878 Amis
1323 3816 1419 3877 casale

108 3906 261 3968 Miserach
278 3921 308 3967 et
325 3907 482 3988 quandam
500 3907 622 3968 vineam
640 3907 792 3968 Miserach
815 3909 943 3969 nomine
960 3907 1114 3969 Cafariam
1133 3924 1162 3968 et
1178 3908 1286 3968 casalia
1304 3908 1419 3968 Bussu-

107 3996 179 4075 dan,
197 3996 283 4057 Felix
299 4012 328 4057 et
344 3998 486 4059 Cuccava
509 4016 581 4058 cum
604 3997 797 4078 pertinentiis
813 4013 842 4059 et
858 3998 1021 4059 medietate
1039 3997 1240 4076 decimarum,
1259 3997 1420 4058 ecclesiam

107 4084 191 4165 juxta
207 4105 342 4147 castrum
360 4087 536 4147 Dominum
560 4087 640 4148 sicut
658 4087 691 4148 in
708 4085 809 4165 casali,
834 4088 921 4168 quod
944 4103 1072 4148 vocatur
1095 4087 1185 4165 berra,
1210 4087 1243 4148 in
1267 4086 1420 4148 territorio

106 4175 324 4237 Turasiacensi
349 4195 460 4236 navem
485 4176 516 4236 iu
538 4176 668 4237 flumine
691 4177 820 4237 liberam
837 4191 867 4237 et
883 4175 981 4238 casale
1001 4177 1074 4237 Eroi
1092 4195 1165 4237 cum
1182 4176 1374 4258 pertinentiis
1391 4190 1420 4236 et

107 4265 268 4326 medietate
295 4264 486 4327 decimarum
499 4313 585 4327 .....
628 4266 785 4327 Praeterea
811 4265 975 4327 confirmat
1000 4266 1201 4327 concordiam
1228 4266 1266 4326 de
1292 4266 1420 4326 decimis

106 4354 202 4416 totius
217 4356 351 4416 Iudaeae
368 4355 575 4416 etlerusalem
592 4371 621 4415 et
637 4356 786 4417 omuibus
796 4354 911 4416 finibus
923 4354 990 4435 ejus
1001 4370 1155 4438 perpetuo
1166 4354 1310 4416 ecclesiae
1322 4355 1419 4415 dictae

106 4445 271 4522 concessis,
296 4445 449 4506 unionem
465 4444 662 4506 ecclesiarum
681 4445 1037 4527 Hierosolymitanarum
1061 4464 1134 4506 cum
1159 4445 1267 4505 eadem
1293 4444 1419 4505 ecclesia

107 4534 217 4594 factam
235 4534 265 4595 S.
284 4533 398 4595 Mariae
414 4534 556 4595 videlicet
573 4535 691 4595 Montis
708 4534 832 4614 Oliveti,
851 4535 880 4595 S.
898 4535 1050 4597 Iohannis
1067 4536 1105 4595 de
1123 4534 1268 4611 Sebastia,
1285 4534 1315 4595 S.
1335 4532 1418 4595 Eliae

106 4639 135 4684 et
152 4622 361 4685 S.Abrahami
378 4623 576 4686 existentium
593 4624 627 4684 in
643 4624 755 4701 Sicilia,
766 4624 879 4705 Apulia
890 4640 920 4685 et
930 4624 1072 4687 Calabria
1089 4642 1161 4684 cum
1178 4625 1279 4684 bonae
1297 4642 1418 4683 memo-

105 4712 168 4773 riae
185 4713 367 4793 W(illelmi),
385 4714 547 4795 quondam
568 4714 754 4796 patriarchae
772 4713 1059 4795 Hierosolymitani,
1084 4713 1215 4774 consilio
1238 4728 1268 4774 et
1290 4732 1417 4773 assensu

181 4854 201 4917 ¹)
221 4851 357 4907 El-knleh
370 4853 501 4924 (Conder
514 4852 542 4908 in
557 4854 656 4922 Quart.
671 4854 742 4908 Stat.
762 4854 835 4925 1890,
849 4870 875 4923 p.
892 4852 945 4924 34).
1141 4853 1163 4918 2)
1182 4850 1299 4922 jerabah
1321 4850 1416 4921 (ibid).

104 4923 128 4994 a)
147 4923 210 4980 kalt
223 4922 284 4978 ''ana
300 4922 402 4995 (ibid.).
