3398 5400
566 361 647 433 regni
661 359 918 434 Hierosolymitani.
1335 387 1391 447 123

94 456 329 464 ---——-——-

89 581 259 659 ecclesiam,
278 583 420 659 domum,
439 581 577 657 furnum,
602 581 819 643 molendinum
837 596 868 642 et
886 582 994 642 balnea
1018 580 1099 661 juxta
1123 582 1254 643 lundam
1278 600 1394 642 merca-

90 686 205 751 torum,
229 671 338 732 eadem
361 671 443 752 apud
468 671 614 733 Cahiram
638 673 670 732 in
694 672 792 753 platea
816 671 991 733 Belbecanti
1007 686 1038 732 et
1053 671 1136 752 apud
1153 670 1263 749 Rassit,
1282 670 1395 731 deinde

91 762 124 823 M
141 761 288 822 bisantios
305 761 337 822 in
355 760 450 821 lunda
467 761 560 840 regali
578 761 640 822 sive
657 761 815 842 Babylone
832 761 894 821 sive
912 760 1042 823 Cahirae
1065 758 1196 840 singulis
1219 760 1310 821 anuis
1328 760 1395 820 sine

89 851 224 929 servitio,
236 868 380 931 quosque
392 851 430 911 de
441 850 627 913 omnimodo
645 848 710 928 jure
727 849 948 928 negotiationis
964 851 1068 931 ipsum
1085 869 1254 911 commuue
1271 848 1395 929 acquie-

89 940 196 1000 taverit
207 939 419 1017 Alexandriae,
432 939 589 1000 Damiatae
601 956 630 1001 et
639 939 731 1013 Tani,
749 938 892 1001 concedit
907 953 937 999 et
952 939 1055 1020 sigillo
1071 937 1245 1000 confirmat.
1262 971 1305 982 -
1322 940 1395 1000 Ber-

89 1030 215 1105 nardus,
239 1028 414 1108 Liddensis,
423 1029 442 1105 ¹)
459 1028 658 1107 Guillelmus,
676 1029 877 1104 Acconensis,
894 1029 1042 1109 episcopi,
1069 1027 1242 1110 Philippus,
1259 1028 1395 1108 Templi,

90 1117 277 1191 Gilebertus,
295 1117 474 1199 Hospitalis,
492 1118 645 1198 magistri3
672 1118 836 1196 Galterius,
861 1118 1004 1199 princeps
1025 1117 1189 1195 Galilaeae,
1213 1117 1396 1178 Hemlridus

90 1207 347 1285 constabularius,
375 1208 452 1269 Milo
469 1207 597 1288 dapifer,
623 1207 813 1270 Guillelmus
835 1208 1048 1286 marescalcus,
1074 1207 1244 1270 Gaulridus
1266 1207 1394 1268 Tortus.

90 1297 206 1358 Datum
223 1316 278 1378 per
301 1315 431 1358 manum
455 1296 590 1375 Radulfi,
614 1297 752 1379 episcopi
775 1297 1033 1358 Bethlehemitaui
1055 1297 1197 1377 regisque
1214 1295 1394 1357 cancellarii.

88 1420 133 1429 —
150 1386 305 1465 Albertus,
330 1385 476 1466 Ubhici0,
500 1386 719 1466 (Hibignanus)
742 1401 771 1446 et
794 1386 996 1447 lldebrandus
1019 1401 1075 1447 etc.
1094 1401 1127 1447 ut
1142 1405 1235 1466 supra
1252 1385 1313 1446 Νο.
1333 1405 1395 1464 3²2

90 1475 140 1552 (G.
159 1476 282 1554 Muller,
300 1494 330 1556 p.
354 1496 400 1555 15,
425 1475 486 1538 No.
509 1493 564 1551 123
590 1475 646 1537 Dal
665 1477 779 1555 Borgo,
802 1497 833 1557 p.
852 1494 999 1555 92-933
1025 1475 1187 1552 Mutatori,
1212 1475 1318 1554 Antiq.
1337 1472 1395 1554 [ed.

91 1562 155 1643 soh]
174 1564 208 1640 ll,
226 1585 255 1646 p.
274 1566 460 1644 por-908,
480 1562 537 1644 [cd.
554 1562 604 1645 4⁰]
622 1565 673 1643 Vl,
690 1585 720 1646 p.
735 1566 925 1644 265—268;
944 1564 1069 1644 Ughelli
1080 1564 1128 1642 ΙΙΙ,
1140 1584 1170 1646 ρ.
1181 1565 1263 1644 4063
1283 1563 1395 1643 Lunig,

89 1655 170 1716 Cod.
192 1653 322 1735 diplom.
343 1654 396 1734 ΙΙΙ,
425 1674 455 1734 ρ.
482 1674 580 1734 14753
612 1655 649 1716 cl.
675 1654 823 1716 Archives
847 1655 876 1715 d.
906 1655 988 1715 miss.
1011 1653 1152 1731 scientif,
1178 1654 1198 1714 l.
1216 1673 1241 1715 c.
1266 1672 1296 1734 p.
1316 1654 1395 1732 3673

89 1743 226 1806 Fanucci
243 1743 276 1821 ll,
293 1762 323 1824 p.
344 1743 404 1823 50).
1326 1738 1395 1801 467

166 1840 185 1905 ¹)
205 1837 248 1891 De
262 1854 321 1908 quo
336 1834 473 1891 Rbhricht
485 1835 514 1891 in
527 1836 637 1891 ZDPV.
652 1837 687 1906 Χ,
700 1852 727 1907 p.
741 1835 784 1890 28.

172 1978 191 2009 ,‚
237 1933 332 2014 Sept,
349 1931 414 1993 ind.
426 1932 473 1993 ΙΙΙ.
492 1965 535 1975 -
551 1931 719 1994 Goilredus
735 1931 853 1993 Tortus
868 1931 996 2009 Garino,
1014 1930 1044 1992 S.
1057 1930 1222 1992 Salvatoris
1239 1931 1271 1992 in
1289 1933 1396 1992 Monte

89 2022 219 2083 Thabor
228 2021 339 2098 abbati,
350 2020 404 2081 ΧΙΙ
421 2021 569 2082 bisantios
586 2022 618 2082 itt
636 2021 748 2101 pascha
764 2021 847 2103 apud
863 2022 995 2083 domum
1012 2020 1109 2101 ipsius
1125 2025 1342 2082 Acconensem
1359 2021 1397 2081 de

89 2130 216 2172 zuccare
233 2111 340 2172 casalis
356 2111 404 2172 sui
416 2111 567 2172 Manueth
578 2111 740 2173 annuatim
751 2111 945 2192 recipiendos
956 2111 1052 2171 donat
1066 2110 1116 2170 tali
1128 2110 1268 2171 videlicet
1277 2124 1396 2186 tenore,

90 2216 125 2262 ut
141 2219 296 2262 consensu
313 2200 406 2261 totius
424 2200 547 2281 capituli
564 2201 716 2261 villanum
732 2199 936 2262 constitutum
952 2200 984 2260 in
1001 2200 1082 2268 loco.
1093 2199 1148 2280 qui
1159 2199 1397 2277 diciturCassia,

89 2309 185 2371 quem
203 2289 367 2369 Rogerius,
385 2304 471 2370 pater
485 2288 636 2365 Goifrcdi,
654 2289 798 2350 ecclesiae
816 2289 934 2351 Montis
950 2290 1056 2350 Tabor
1072 2289 1291 2350 eleemosinam
1310 2308 1397 2370 prae*-

89 2379 167 2457 buit,
193 2378 250 2440 sibi
276 2378 422 2440 restituat.
447 2412 491 2423 -—
516 2378 707 2440 lanzulinus
732 2379 827 2460 prior,
854 2377 1041 2441 Dominicus
1067 2379 1221 2459 subprior,
1248 2377 1397 2441 Girardus

90 2484 207 2544 cantor,
218 2469 291 2547 Ugo
307 2468 447 2545 Pisanus,
465 2469 572 2529 Petrus
589 2469 627 2529 de
644 2468 754 2545 Podio,
772 2469 933 2546 Martinus,
945 2467 1130 2548 Stephanus,
1142 2469 1275 2546 Marcus,
1288 2467 1398 2528 Domi·

90 2558 180 2619 nicus
196 2557 359 2631 monachi;
378 2557 489 2618 Simon
506 2558 544 2618 de
561 2559 632 2634 Laa,
651 2558 719 2619 Rau
736 2558 774 2618 de
791 2558 925 2635 Batailla,
944 2557 1084 2637 Egidius,
1103 2557 1218 2633 Helias,
1236 2557 1344 2618 Petrus
1360 2556 1398 2617 de

90 2646 268 2726 Savaiagni,
286 2646 369 2724 Od0,
387 2646 582 2708 Godolridus
598 2647 773 2727 Turcopuli
790 2648 828 2708 de
845 2647 949 2724 Buria,
966 2646 1077 2707 milites
1094 2645 1189 2724 (Pauli
1207 2647 1228 2721 Ι,
1245 2667 1275 2728 p.
1290 2666 1398 2724 209-

91 2756 165 2815 210,
189 2736 250 2797 No.
274 2737 349 2809 166;
379 2735 417 2797 cl.
435 2756 465 2817 p.
487 2738 680 2817 538—539J.
697 2730 707 2818 ΙΙ
730 2737 800 2797 Hoc
823 2735 1020 2818 privilegium
1038 2736 1190 2797 Riualdus
1213 2734 1301 2813 (corr.
1320 2735 1398 2796 Mai-

90 2826 221 2900 nardus;
255 2825 293 2886 cl.
310 2826 428 2886 ZDPV.
445 2826 484 2903 Χ,
506 2845 536 2906 Ρ.
556 2827 618 2906 23),
642 2826 808 2907 episcopus
824 2825 1009 2907 Berytensis,
1026 2845 1058 2886 se
1075 2825 1187 2887 vidisse
1204 2824 1306 2904 sigillo
1323 2843 1398 2886 con-

90 2913 191 2976 firmat
206 2935 232 2976 c.
256 2936 334 2994 1175
355 2914 449 2991 (Paoli
467 2915 488 2992 l,
506 2935 536 2995 p.
558 2915 640 2995 538).
1328 2912 1399 2972 468

173 3068 192 3098 ,,
238 3022 476 3103 Hierosolymis.
495 3056 537 3064 —
555 3021 760 3100 (A)malricus,
785 3023 954 3103 patriarcha
973 3021 1287 3103 Hierosolymitanus,
1304 3040 1398 3083 cano-

93 3111 168 3172 ticis
179 3111 209 3172 S.
220 3112 384 3193 Sepulchri
400 3130 455 3193 per
470 3130 600 3172 manum
613 3111 693 3172 Petri
703 3111 728 3172 ΙΙ
745 3112 856 3193 prioris
873 3112 1006 3193 plurima
1022 3109 1180 3192 privilegia
1192 3111 1354 3172 confirmat
1370 3127 1400 3171 et

94 3201 249 3280 ‘ncognita
266 3217 418 3263 memorat
433 3199 546 3261 scilicet
563 3220 713 3279 magnum
730 3201 833 3277 altare,
850 3203 936 3282 quod
956 3216 999 3262 est
1015 3201 1048 3261 in
1064 3201 1161 3262 choro
1177 3201 1208 3262 S.
1225 3200 1398 3282 Sepulchri,

91 3309 243 3352 carcerem
261 3307 291 3351 et
306 3290 409 3364 altare,
433 3289 524 3350 altare
549 3290 579 3351 S.
598 3290 677 3350 Petri
701 3305 729 3351 et
752 3290 783 3351 S.
802 3289 960 3372 Stephani,
978 3290 1190 3351 inventionem
1213 3310 1284 3351 cum
1302 3289 1398 3368 altari,

91 3381 192 3457 altare,
210 3381 296 3460 quod
314 3380 413 3440 estad
431 3395 522 3459 caput
539 3379 569 3440 S.
585 3379 757 3459 Sepulchri,
776 3380 961 3461 parochiale,
979 3380 1166 3456 cathedram,
1178 3399 1258 3460 quae
1270 3395 1314 3440 est
1330 3395 1399 3460 post

92 3489 241 3548 magnum
261 3468 363 3547 altare,
381 3483 410 3529 et
427 3469 543 3546 omnia,
561 3488 641 3549 quae
665 3469 780 3530 ibidem
803 3470 852 3531 vel
874 3470 906 3530 in
922 3488 1116 3550 quocunque
1140 3469 1398 3551 praescriptorum

91 3559 233 3620 altarium
257 3559 382 3619 missam
407 3558 577 3640 patriarcha
600 3559 805 3635 celebraverit,
829 3559 867 3620 ad
884 3557 950 3637 ejus
967 3577 1096 3620 manum
1113 3558 1176 3619 sive
1193 3560 1305 3638 pedem
1323 3557 1399 3620 offe-

90 3663 212 3723 runtur,
230 3668 342 3709 omnes
358 3647 531 3708 oblationes
547 3647 711 3728 compassi,
728 3649 815 3728 quod
832 3648 863 3708 in
882 3649 987 3709 medio
1004 3649 1100 3710 choro
1118 3648 1148 3709 S.
1166 3647 1327 3729 Sepulchri
1345 3663 1399 3724 est,

92 3738 235 3820 plateam,
247 3756 326 3817 quae
344 3754 388 3798 est
404 3737 483 3798 inter
499 3752 618 3817 portam
636 3738 781 3798 ecclesiae
798 3754 827 3798 et
842 3738 1015 3815 columnas,
1032 3738 1163 3818 plateam
1181 3738 1260 3797 inter
1276 3737 1399 3797 easdem

90 3826 255 3889 columnas
270 3827 358 3887 sitam
377 3841 406 3887 et
423 3826 582 3906 Hospitale
600 3826 630 3887 S.
643 3826 804 3900 lohannis,
822 3826 899 3888 sicut
917 3827 948 3887 io
965 3826 1097 3906 longum
1113 3841 1142 3886 et
1158 3826 1253 3887 latum
1272 3842 1400 3907 proten-

91 3917 183 3995 ditur,
202 3917 325 3993 domos,
347 3916 503 3994 stationes,
520 3930 616 3976 terras
632 3931 660 3976 ct
677 3916 827 3996 quicquid
845 3916 877 3976 in
895 3916 1050 3996 quarterio
1068 3915 1211 3977 ecclesiae
1229 3930 1257 3975 et
1273 3915 1399 3996 patriar-

92 4005 167 4066 chae
185 4005 258 4065 dicti
275 4005 416 4066 canonici
437 4004 607 4085 possident,
631 4006 768 4085 aliasque
792 4006 1003 4086 possessiones
1027 4004 1059 4065 iu
1080 4004 1189 4065 Sancta
1206 4005 1335 4066 Civitate
1352 4005 1399 4065 vel

91 4110 172 4155 extra
189 4095 321 4155 eandem
344 4095 415 4155 sitas
431 4109 460 4154 et
477 4113 548 4174 prae
565 4095 672 4155 ceteris
690 4094 788 4155 fumis
806 4094 944 4170 furnum,
962 4113 1057 4175 quem
1082 4094 1250 4176 patriarcha
1267 4093 1367 4155 dictus
1384 4115 1399 4154 a

91 4183 179 4245 dictis
202 4183 361 4245 canonicis
384 4184 619 4245 commodatum
644 4183 743 4244 tenuit
766 4185 820 4245 sed
844 4185 977 4245 reddidit
997 4182 1177 4245 testimonio
1194 4183 1283 4261 Petri,
1300 4183 1399 4244 archi-

90 4273 230 4355 episcopi
246 4273 407 4354 Tyrensis,
427 4273 587 4333 ecclesiam
605 4289 634 4333 et
650 4273 843 4334 cimeterium
868 4288 948 4334 extra
966 4290 1087 4354 portam
1105 4273 1202 4334 David
1220 4271 1301 4351 juxta
1319 4273 1399 4333 viam

89 4363 156 4438 sita,
182 4381 243 4442 qua
266 4362 328 4423 itur
352 4362 521 4441 Bethleem,
539 4363 634 4443 villas,
651 4382 729 4443 quas
746 4362 993 4432 aedificaverunt,
1012 4379 1046 4424 ut
1064 4364 1209 4443 Magnam
1227 4378 1255 4423 et
1272 4363 1400 4423 Parvam

91 4451 332 4527 Mahumeriam,
357 4451 500 4512 Bethsuri
517 4467 545 4512 et
562 4452 644 4527 alias,
662 4471 739 4532 quas
756 4451 962 4513 aedificabunt
979 4469 1008 4513 et
1024 4452 1123 4512 Latini
1148 4451 1339 4513 habitabunt.
1357 4486 1400 4495 —

91 4541 251 4621 Letardus,
277 4543 465 4615 Nazarenus,
495 4541 666 4602 Hemesius
691 4541 894 4619 [Herneriush
921 4542 1138 4620 Caesariensis,
1165 4540 1399 4622 archiepiscopi,

91 4629 302 4707 Wlillelmusl,
320 4630 521 4708 Acconensis,
539 4631 724 4709 Bernardus,
742 4630 916 4707 Liddensis,
935 4631 1083 4708 Absalon,
1095 4632 1256 4711 quondam
1273 4631 1398 4691 Ascalo-

91 4719 207 4798 nensis,
225 4721 372 4802 episcopi,
389 4720 558 4799 Renaldus,
581 4720 698 4781 Montis
721 4720 818 4802 Syon,
843 4721 1052 4799 Raimundus,
1076 4720 1201 4802 Templi
1227 4719 1365 4797 Domini,
1379 4721 1399 4797 ¹)

168 4859 188 4925 ¹)
207 4858 250 4911 De
264 4875 323 4936 quo
338 4858 448 4912 ZDPV.
463 4859 497 4927 X,
511 4875 594 4930 p.41.
614 4857 744 4929 Sigillum
758 4856 909 4929 cujusdam
921 4856 1046 4927 Rogerii,
1059 4855 1171 4912 abbatis
1184 4856 1307 4929 Templi,
1321 4855 1356 4912 cf.
1372 4856 1399 4911 in

90 4930 188 4985 Revue
201 4941 377 5000 numismat,
393 4930 427 4984 ΙΙΙ
440 4927 512 5001 Sei,
525 4929 572 4999 Vl,
585 4946 611 5001 p.
625 4929 775 5002 468-469.
