3398 5400
302 329 365 397 260
865 320 1041 400 Regesta

300 548 361 610 No.
380 548 419 627 9).
436 542 446 631 ΙΙ
461 548 551 608 Hanc
567 546 685 608 bullam
701 546 847 608 Urbanus
863 547 902 607 lV
919 548 1004 623 (Dec.
1022 548 1233 629 1263—Sept.
1251 548 1342 627 1264)
1359 563 1389 609 et
1404 548 1551 609 Clemens
1567 547 1609 608 lV

301 636 347 714 (ιι
371 636 442 715 Mai.
467 637 558 713 1266)
581 636 724 697 Thomae
742 636 835 716 Agui,
855 635 1003 719 episcopo
1020 637 1258 716 Bethlemitano,
1275 636 1461 699 confirmant
1483 636 1609 714 (Comte

300 727 402 806 Riant,
420 746 450 807 p.
468 726 653 806 656-660,
671 727 731 786 Νο.
756 726 901 802 10—11).
1535 723 1608 785 983

345 831 450 912 (1227
468 833 579 895 Octob.
596 832 726 910 Accon).
743 867 786 875 —
797 833 983 912 Gleroldus),
1001 833 1170 915 patriarcha
1187 835 1500 916 Hierosolymitanus,
1519 833 1610 895 Sedis

301 924 497 1005 Apostolicae
514 924 641 1004 legatus,
653 922 791 1000 Pletrus),
803 922 1018 1002 Caesariensis,
1034 924 1073 1000 (H
1077 924 1160 1002 ugo),
1172 924 1361 1003 Nazarenus,
1379 923 1515 1003 (Petrus),
1528 925 1609 984 Nar-

300 1013 481 1091 bonnensis,
508 1011 739 1094 archiepiscopi,
764 1011 901 1090 Plenus),
921 1013 1158 1092 Wintoniensis,
1176 1014 1385 1092 Wlillelmus),
1410 1012 1606 1090 Exoniensis,

302 1103 449 1184 episcopi,
467 1103 583 1177 (Petrus
600 1102 637 1163 de
655 1103 763 1162 Monte
780 1102 890 1178 acuto),
908 1101 1054 1177 (Garinus
1070 1103 1108 1164 de
1126 1104 1234 1164 Monte
1244 1103 1345 1180 acuto)
1356 1119 1384 1164 et
1395 1103 1609 1181 (Hermannus

301 1193 340 1253 de
357 1192 462 1269 Salza),
479 1192 615 1273 Templi,
640 1190 810 1271 Hospitalis
827 1207 855 1252 et
871 1191 1143 1253 Theutonicorum
1168 1191 1304 1271 magistri
1327 1193 1482 1272 Gregorio
1497 1192 1537 1252 tx
1555 1212 1609 1253 ex-

302 1297 435 1363 ponunt,
453 1301 532 1361 quae
544 1280 746 1360 crucesignati
758 1280 790 1341 in
800 1281 896 1340 Terra
907 1280 1017 1342 Sancta
1028 1298 1189 1360 gesserunt
1199 1281 1373 1364 (Raynaldi,
1385 1282 1497 1344 Annal.
1513 1301 1607 1358 1227,

301 1380 482 1452 §47-493
509 1372 588 1450 Rog.
606 1371 644 1432 de
661 1370 856 1431 Wendower
872 1371 919 1431 ed.
938 1371 1024 1432 Coxe
1041 1371 1089 1450 lV,
1106 1392 1136 1452 p.
1160 1391 1340 1451 145—147,
1359 1372 1406 1433 ed.
1425 1372 1558 1433 Hewlett
1574 1370 1608 1449 ll,

303 1481 332 1542 p.
353 1479 555 1541 324-3273
582 1460 755 1520 Matthaeus
774 1459 857 1520 Paris
874 1458 920 1536 ΙΙΙ,
944 1480 974 1541 p.
997 1463 1197 1539 128-129;
1225 1461 1372 1540 Potthast,
1395 1462 1456 1522 Νο.
1475 1460 1582 1539 8090).
1599 1454 1609 1542 ΙΙ

302 1551 382 1611 lnest
398 1550 556 1631 epistolae,
573 1568 668 1630 quarn
680 1548 850 1627 Gregorius
867 1548 907 1609 IX
924 1550 1072 1612 omnibus
1083 1550 1197 1612 Christi
1215 1549 1357 1612 fidelibus
1376 1570 1414 1631 23
1433 1551 1507 1612 Dec.
1525 1568 1606 1615 1227

300 1638 430 1721 scripsit.
1535 1636 1607 1697 984

390 1782 409 1813 ,,
456 1736 735 1798 Westmonasterii.
753 1769 796 1780 —-
813 1737 968 1798 Henricus
985 1737 1030 1817 ΙΙΙ,
1055 1758 1106 1798 rex
1123 1738 1263 1818 Angliae,
1287 1739 1456 1818 Coradin0,
1474 1738 1607 1799 soldano

302 1827 453 1906 Damasci,
465 1828 575 1906 gratias
585 1828 646 1906 agit
657 1845 713 1908 pro
725 1825 907 1888 muneribus
918 1846 972 1907 per
982 1827 997 1887 J
1000 1828 1157 1889 uselinum
1167 1829 1205 1889 de
1215 1830 1313 1889 Jenue
1325 1828 1465 1890 Malonn.
1475 1826 1498 1906 ¹)
1508 1843 1608 1887 trans-

302 1918 402 1978 missis
412 1936 446 1977 ac
457 1916 539 1998 petit,
552 1933 594 1996 ut,
611 1916 802 1993 christianos,
820 1915 844 1975 si
856 1935 936 1994 quos
947 1917 980 1977 in
990 1936 1107 1978 carcere
1118 1918 1245 1979 retineat
1251 1916 1285 1999 Ι),
1296 1917 1404 1979 liberet
1414 1915 1560 2064 (Ηγωεῐὲ
1561 1921 1608 2065 8Α5,

302 2027 331 2088 p.
355 2007 547 2085 rav—188).

379 2104 398 2166 ¹)
418 2098 463 2153 Cf.
478 2116 563 2170 supra
578 2098 626 2152 Nr.
640 2099 700 2169 969.
793 2097 814 2166 ²)
834 2099 1022 2169 Quantopere
1036 2098 1081 2153 alii
1094 2097 1229 2169 primates
1250 2098 1470 2154 christianorum
1489 2097 1608 2170 captivis

303 2170 456 2225 liberandis
471 2187 591 2241 operam
605 2168 735 2223 dederint
748 2167 783 2222 cs.
798 2185 885 2238 supra
898 2169 953 2224 No.
966 2170 1020 2242 489
1033 2182 1093 2225 not.
1111 2189 1131 2227 t.

365 2253 455 2315 1228
472 2256 560 2316 Febr.
584 2276 631 2316 tt.
648 2289 692 2298 —
706 2254 862 2333 Balianus,
879 2255 1027 2316 dominus
1044 2256 1188 2337 Sydonis,
1205 2256 1315 2318 domui
1331 2256 1607 2318 Theutonicorum

303 2346 440 2423 hortum,
458 2345 513 2425 qui
530 2344 641 2405 dicitur
657 2342 795 2422 jordinus
812 2344 994 2424 comitissae,
1011 2344 1134 2406 vineam
1151 2347 1309 2426 quandam
1326 2360 1356 2406 et
1373 2362 1488 2426 partem
1506 2365 1607 2425 quan-

303 2435 374 2495 dam
392 2450 498 2509 terrae,
510 2453 589 2514 quae
606 2432 717 2495 dicitur
733 2447 811 2493 terra
827 2433 904 2511 coci,
921 2434 959 2494 ad
970 2449 1104 2495 aratrum
1117 2454 1216 2496 unum
1228 2450 1298 2497 ante
1309 2436 1458 2496 civitatem
1471 2435 1608 2516 Sydonis

302 2525 399 2585 donat
415 2539 445 2584 et
460 2523 561 2601 sigillo
578 2522 749 2585 confirmat.
784 2523 843 2583 Hic
865 2542 939 2585 vero
963 2524 1072 2585 hortus
1095 2540 1201 2585 contra
1225 2524 1378 2586 orientem
1401 2525 1492 2585 habet
1514 2525 1607 2603 viam,

303 2633 383 2693 quae
400 2612 485 2674 ducit
495 2613 631 2690 Gasiam,
640 2613 661 2689 ¹)
677 2613 715 2673 ab
731 2613 890 2673 occidente
907 2613 986 2672 viam
1004 2629 1126 2692 rectam,
1141 2633 1220 2693 quae
1236 2614 1343 2675 transit
1358 2614 1437 2675 iuter
1453 2614 1562 2675 hortos
1579 2628 1609 2674 et

303 2719 414 2763 terram
431 2702 521 2763 Rauli
537 2701 711 2775 januensis,
735 2718 840 2762 contra
864 2701 1026 2762 meridiem
1048 2718 1178 2781 tangens
1202 2723 1352 2783 magnum
1375 2722 1531 2785 campum,
1553 2704 1608 2764 ubi

303 2791 336 2852 fit
352 2790 494 2863 canimel,
512 2808 619 2853 contra
635 2791 817 2871 aquilonem
834 2807 948 2872 partem
966 2792 1032 2852 viae
1044 2807 1074 2852 et
1084 2793 1179 2853 olivas
1190 2792 1349 2854 Guillelmi
1360 2793 1398 2854 de
1409 2792 1482 2874 Lye.
1508 2793 1608 2854 Vinea

304 2901 377 2942 vero
394 2881 485 2941 habet
501 2883 538 2940 ab
555 2881 673 2942 oriente
697 2898 900 2942 communem
923 2896 1045 2941 stratam
1062 2897 1090 2942 et
1107 2881 1272 2962 publicam,
1294 2884 1332 2943 ab
1349 2883 1508 2943 occidente
1526 2882 1608 2943 viam

304 2986 427 3048 rectam,
439 2989 518 3050 quae
529 2970 611 3030 vadit
622 2969 699 3030 inter
710 2971 816 3030 hortos
833 2986 940 3031 contra
950 2970 1069 3031 flumen
1085 2972 1123 3032 de
1141 2971 1205 3052 ipsa
1215 2971 1333 3033 civitate
1344 2971 1489 3053 Sydonis‚
1500 2988 1608 3032 contra

304 3058 466 3119 meridiem
492 3059 587 3119 olivas
610 3060 724 3120 domus
747 3058 882 3140 Templi,
908 3076 1014 3120 contra
1039 3059 1221 3139 aquilonem
1246 3061 1341 3122 olivas
1367 3060 1487 3122 domini
1513 3060 1607 3122 Brixi.

302 3149 399 3209 Terra
422 3148 558 3228 denique
583 3149 734 3228 praedicta
758 3148 849 3208 habet
872 3150 909 3208 ab
933 3149 1051 3210 oriente
1075 3148 1166 3227 viam,
1190 3169 1270 3230 quae
1294 3150 1331 3211 de
1348 3150 1475 3231 Sydone
1492 3149 1607 3211 directe

303 3236 460 3318 Sareptam
478 3238 571 3315 ducit,
588 3239 625 3298 ab
643 3238 801 3298 occidente
818 3237 899 3298 viam
915 3238 1110 3317 maritimam,
1127 3255 1233 3300 contra
1249 3240 1429 3319 aquilonem
1447 3258 1607 3320 campum,

303 3327 357 3406 qui
374 3327 470 3405 tangit
487 3327 612 3387 hortum
631 3326 751 3387 domini
768 3326 879 3406 Egidii,
904 3343 1008 3387 contra
1032 3343 1170 3389 austrum
1194 3327 1313 3389 nullam
1330 3328 1526 3405 divisionem,
1547 3327 1608 3389 nisi

303 3433 456 3496 quantum
482 3416 546 3497 ipsa
571 3416 746 3477 extenditur
772 3430 858 3476 terra.
899 3417 1054 3477 Praeterea
1080 3418 1175 3478 donat
1200 3418 1426 3480 mahumeriam
1450 3437 1607 3498 magnam,

303 3524 381 3585 quae
399 3520 443 3566 est
460 3506 537 3566 intra
554 3506 578 3566 ΙΙ
593 3522 695 3587 portas
706 3504 833 3565 civitatis
844 3505 989 3586 sydonis,
1001 3506 1303 3588 quaexiturTyrum
1314 3527 1429 3568 versus.
1441 3507 1608 3569 —Daniel

303 3595 340 3655 de
357 3595 584 3669 Terremunde‚
608 3595 704 3673 Hugo
721 3595 759 3655 de
776 3594 928 3671 Mazelria,
956 3595 1144 3657 Baldovinus
1167 3597 1379 3673 marescalcus,
1404 3596 1552 3658 toffridus
1568 3597 1608 3658 de

303 3684 426 3759 Scimle,
443 3684 590 3745 loffridus
607 3685 644 3744 de
663 3683 766 3761 Vilier,
791 3683 924 3745 Michael
944 3684 1081 3763 Egidius.
1117 3685 1244 3746 Factum
1268 3701 1408 3767 ternpore
1432 3686 1607 3747 Hermanni

302 3774 341 3923 dfe
358 3774 584 3941 Salza,6pomus
599 3773 872 3835 Theutonicorum
895 3773 1030 3852 magistri
1054 3775 1215 3853 (Strehllte,
1239 3794 1269 3856 p.
1291 3795 1442 3855 50—51,
1467 3776 1608 3924 No⁹6⁸263

302 3882 318 3923 c
334 3910 340 3923 .
359 3883 388 3944 p.
412 3883 446 3924 12
484 3910 491 3924 .

377 3958 398 4023 ¹)
417 3954 565 4010 Meridiem
578 3970 678 4010 versus
691 3954 727 4009 de
740 3954 858 4024 Sidone,
872 3971 947 4010 nunc
962 3954 1143 4027 el-ghazijeh.

390 4087 410 4117 ,‚
458 4043 545 4103 Mart.
563 4062 594 4121 4.
616 4042 744 4104 Rornae.
762 4076 806 4084 -
823 4043 971 4122 Pelagius,
987 4042 1173 4104 Albanensis
1189 4043 1362 4125 episcopus,
1382 4062 1483 4123 quum
1499 4043 1606 4106 Rode-

302 4131 393 4208 ricus,
411 4131 579 4212 Hospitalis
602 4148 792 4213 procurator,
810 4132 959 4212 petiverit,
985 4148 1017 4192 ut
1033 4133 1186 4212 quaedam
1203 4133 1297 4193 dubia
1317 4131 1508 4210 tollerentur,
1526 4152 1608 4213 quae

301 4220 396 4282 insint
419 4220 639 4302 compositioni
662 4221 736 4281 olim
761 4240 815 4302 per
841 4242 872 4281 se
896 4222 999 4301 ipsum
1023 4221 1101 4281 inter
1122 4223 1282 4298 iacobum,
1307 4222 1488 4303 episcopum
1506 4228 1609 4283 Acco-

302 4329 442 4387 nensem,
461 4326 489 4370 et
506 4311 688 4389 magistrum
704 4309 874 4391 Hospitalis
898 4311 1001 4382 factae,
1028 4311 1150 4390 singula
1166 4311 1308 4392 capitula,
1333 4311 1448 4391 quibus
1468 4312 1507 4372 de
1524 4331 1608 4374 non-

301 4398 395 4460 nullis
412 4416 440 4461 et
456 4398 576 4478 juribus
599 4399 727 4459 decimis
751 4400 927 4479 praesertim
952 4400 1097 4460 casalium
1120 4400 1251 4461 Beroeth
1268 4417 1296 4461 et
1313 4400 1434 4462 Coketh
1458 4401 1609 4483 episcopo

301 4489 457 4550 solvendis
473 4488 584 4568 agitur,
600 4488 770 4550 accuratius
787 4488 917 4549 declarat
934 4489 1027 4565 (Paoli
1045 4488 1066 4566 l,
1085 4509 1114 4570 p.
1140 4491 1247 4551 116—
1263 4510 1331 4567 117,
1350 4491 1410 4552 Νο.
1429 4510 1496 4569 109.
1515 4491 1609 4552 Cete-

301 4597 371 4639 rum
389 4578 427 4639 cl.
444 4598 538 4659 supra
554 4578 615 4639 No.
628 4578 712 4657 945l·
1535 4577 1607 4639 987

345 4671 358 4758 (
397 4722 415 4752 ‚,
455 4675 736 4753 Mart.-Jul.).—
755 4675 1355 4757 Rlobertus),episcopusTripolitauus,
1374 4677 1607 4758 LudovicolX‚

301 4765 365 4844 regi
377 4765 531 4843 Franciae,
541 4765 654 4843 scribit,
666 4784 770 4826 coram
781 4785 812 4825 se
826 4765 892 4845 ipso
904 4766 1082 4842 beatricem,
1092 4765 1113 4843 ¹)
1128 4784 1256 4826 uxorem
1266 4767 1421 4847 Thomae,
1439 4769 1609 4830 constabu-

377 4884 395 4955 ¹)
409 4883 453 4939 Cf.
467 4901 552 4957 supra
567 4885 622 4940 No.
636 4882 697 4956 980.
