3398 5400
274 351 316 412 68
837 343 1012 413 Regesta

297 440 361 445 -—..
377 440 384 445 .
405 438 757 446 -.-.-.-.--..-.—-.—.-..-.-...—-—.

273 565 452 626 Willelmus
463 565 675 641 Normannus,
685 562 867 641 Balduinus,
876 563 1078 641 Godofridus,
1089 563 1268 640 Nicholaus,
1277 564 1461 640 Ademarus,
1472 564 1582 624 Petrus

274 654 447 735 Sepulchri,
474 652 654 714 Willelmus
679 654 716 713 de
742 653 867 730 Baruth,
893 654 997 732 Hugo,
1022 653 1189 729 lohannes,
1214 652 1372 730 Hulricus,
1399 651 1581 714 Willelmus

273 744 411 824 lspanus,
421 743 528 804 Petrus
539 743 576 802 de
588 742 704 818 Latina,
715 742 821 803 Petrus
836 742 1033 803 Boloniensis
1049 742 1199 819 (Roziere,
1212 763 1241 823 p.
1257 763 1265 802 1
1277 742 1508 822 59—161,N0.
1520 742 1555 802 81
1571 761 1579 816 ;

274 833 390 912 Migne,
407 852 436 914 p.
461 833 684 910 1078-1079,
701 832 761 892 Νο.
780 833 842 909 81).
1507 826 1578 889 267

336 938 435 1016 1151,
461 940 526 1000 ind.
546 939 625 1000 xlv.
650 972 694 981 —
719 938 900 1017 Milisendis,
931 937 1037 1015 regina
1063 937 1354 1019 Hierosolymam,
1381 937 1580 1018 privilegium

273 1049 366 1111 supra
383 1031 452 1106 (Νο.
466 1029 537 1106 200]
554 1028 713 1089 laudatum
730 1028 831 1108 sigillo
843 1026 1014 1088 confirmat.
1032 1060 1076 1069 -
1092 1026 1250 1088 Giraudus
1261 1026 1437 1105 (Giraldusl,
1454 1027 1579 1087 11111111-

274 1120 347 1180 mita
364 1120 536 1199 episcopus,
544 1117 564 1195 1)
581 1117 742 1194 Arnulfus,
766 1116 906 1194 ejusdem
922 1116 1066 1177 ecclesiae
1083 1117 1261 1195 canonicus,
1285 1116 1465 1193 Gaufridus,
1486 1117 1580 1175 abbas

273 1207 407 1289 Templi,
430 1207 584 1286 Rogerius
601 1207 780 1284 canonicus,
803 1207 986 1282 Amalricus,
1010 1225 1115 1265 comes
1131 1206 1260 1286 Joplple,
1284 1207 1441 1266 Manasses
1458 1220 1580 1265 consta-

273 1299 419 1375 bularius,
450 1296 613 1378 Philippus
638 1296 870 1376 Neapolitanus,
901 1295 1077 1372 Rohardus,
1108 1294 1262 1355 Radulfus
1293 1295 1410 1370 Strabo,
1441 1293 1580 1371 Orricus,

274 1387 420 1468 Neapolis
437 1387 617 1462 vicecomes,
641 1385 850 1463 balduinus,²)
866 1384 948 1446 lilius
965 1383 1040 1461 ejus,
1056 1384 1228 1445 Balduinus
1244 1384 1391 1460 Bubalus,
1411 1383 1580 1445 Gauterius

274 1478 415 1553 Malduit,
438 1476 595 1537 lohannes
612 1474 749 1550 Vacher;
776 1475 813 1535 de
838 1474 1064 1553 burgensibus:
1089 1473 1233 1551 Tosetus,
1258 1474 1426 1536 Umbertus
1450 1474 1488 1533 de
1512 1473 1580 1549 Bar,

274 1567 381 1628 Petrus
398 1567 436 1627 de
453 1564 642 1644 Perlrlegort,
660 1563 780 1644 Symon
797 1564 907 1641 Rufus,
918 1562 1064 1624 Albertus
1075 1564 1270 1624 lombardus
1286 1563 1437 1641 (Rozie‘re,
1448 1582 1478 1642 p.
1491 1582 1580 1641 90—

274 1677 324 1735 92,
341 1657 402 1716 Νο.
420 1674 479 1734 49;
501 1654 575 1714 Lois
593 1651 651 1732 [ed.
668 1650 822 1732 Beugnot]
840 1653 873 1725 ll,
891 1673 920 1734 p.
942 1672 1125 1732 512-513,
1144 1654 1203 1712 Νο.
1225 1672 1281 1732 3ο;
1309 1652 1425 1732 Migne,
1443 1671 1473 1732 p.
1497 1671 1578 1731 1137

272 1765 415 1825 -1139,
432 1745 492 1804 No.
509 1743 575 1822 49).
1507 1737 1580 1798 268

348 1848 366 1916 ¹)
386 1846 429 1900 De
443 1863 502 1924 quo
516 1845 626 1898 ZDPV.
640 1844 675 1914 X,
695 1861 722 1914 p.
736 1861 778 1914 24
889 1848 910 1911 ²)
930 1842 1058 1913 Roziere,
1080 1861 1107 1914 p.
1122 1861 1165 1914 91,
1186 1855 1246 1897 not.
1261 1860 1274 1914 5
1291 1842 1495 1914 corrigendum
1515 1858 1579 1896 esse

273 1931 385 1974 censet:
404 1918 553 1971 Henncus.

363 2049 381 2080 „
427 2049 434 2078 ‚
459 2004 524 2064 ind.
541 2002 621 2064 XIV.
638 2034 682 2043 -
707 2001 889 2077 Milisendis,
913 2002 1018 2081 regina
1044 2001 1334 2082 Hierosolymitana,
1358 2000 1579 2061 molendinum

274 2094 438 2155 Davidicae
455 2109 560 2174 portae
577 2107 606 2151 et
622 2089 696 2151 turri
715 2090 845 2150 noxium
863 2091 1053 2152 destructura
1075 2110 1131 2170 pro
1148 2092 1259 2151 eodem
1276 2090 1407 2170 leprosis
1424 2091 1453 2151 S.
1472 2090 1579 2150 Lazari

273 2185 394 2245 vineam
413 2183 444 2243 in
462 2181 561 2262 planis
571 2179 728 2240 Bethleem
747 2179 835 2239 sitam
847 2196 875 2239 et
886 2179 912 2239 V
924 2195 1019 2240 terrae
1036 2197 1205 2241 carrucatas
1221 2180 1434 2240 continentem
1451 2198 1580 2240 11101-

273 2274 390 2334 ditione
406 2269 509 2351 sigillo
525 2268 668 2330 concedit
683 2283 713 2329 et
729 2267 900 2345 confirmat,
918 2286 951 2330 ut
965 2270 1119 2349 Georgius
1136 2287 1164 2329 et
1181 2269 1340 2346 Salomon,
1357 2269 1453 2329 dictae
1470 2269 1578 2329 vineae

273 2362 417 2437 cultores,
434 2360 631 2420 medietatem
646 2358 718 2418 inde
735 2358 914 2438 percipiant.
931 2392 974 2402 —
985 2360 1134 2436 Andreas,
1145 2357 1269 2439 Templi
1282 2357 1408 2439 dapifer,
1420 2357 1579 2419 Gilbertus

273 2452 311 2512 de
337 2451 513 2526 Lisuucort,
546 2446 699 2508 Radulfus
724 2447 844 2523 Strab0,
870 2449 1041 2509 vicecomes
1066 2448 1380 2528 Hierosolymitanus,
1407 2447 1579 2508 Nicholaus

273 2539 468 2616 camerarius,
485 2536 684 2599 Bencellinus
708 2536 868 2614 (Cibrario,
886 2557 914 2617 p.
935 2539 1014 2614 2283
1040 2537 1187 2614 Ferraud,
1209 2556 1237 2616 p.
1257 2556 1403 2611 20-213
1428 2536 1578 2597 Archives

273 2631 311 2690 de
327 2629 462 2690 l'Orient
477 2627 552 2688 latin
569 2627 593 2687 ll
601 2628 636 2704 B,
654 2646 683 2707 p.
708 2646 888 2706 130-131,
906 2627 966 2687 Νο.
991 2627 1047 2703 10).
1506 2623 1578 2684 269

362 2782 381 2813 ,,
428 2770 471 2780 -
488 2734 711 2796 Armensendis
727 2735 766 2794 de
790 2735 898 2795 Castro
923 2751 1006 2794 novo
1029 2753 1185 2795 consensu
1210 2734 1379 2794 Raimundi
1397 2733 1431 2810 ll,
1455 2733 1579 2793 comitis

272 2825 469 2907 Tripolitani,
487 2825 664 2886 Hodiernae
682 2823 854 2883 comitissae
871 2837 901 2883 et
917 2822 1068 2885 Caeciliae
1091 2824 1197 2884 uxoris
1214 2840 1339 2883 necnon
1356 2821 1490 2882 filiarum
1506 2843 1578 2882 sua-

273 2935 344 2977 rum
354 2915 555 2995 Berengariae
573 2928 602 2974 et
613 2913 795 2992 Leodegarii
807 2912 881 2989 (sic),
892 2932 1027 2992 quarum
1043 2929 1174 2992 uterque
1191 2913 1319 2973 maritus
1335 2928 1462 2972 vocatur
1472 2912 1578 2990 Hugo,

272 3004 374 3085 sigillo
391 3005 464 3066 dicti
480 3003 601 3063 comitis
617 3001 790 3076 confirmat,
808 3002 1034 3080 Raimundum,
1055 3002 1222 3083 Hospitalis
1239 3002 1495 3082 dispensatorem,
1512 3022 1529 3060 a
1545 3021 1577 3061 se

272 3096 297 3156 ll
314 3093 422 3155 casalia
439 3093 605 3172 Kafarique
629 3107 658 3152 et
680 3090 798 3152 Fellara
823 3110 896 3151 cum
923 3092 1112 3172 pertinentiis
1138 3110 1263 3152 necnon
1287 3092 1401 3152 domos
1426 3091 1577 3170 quasdam

272 3183 397 3247 Castelli
410 3181 480 3244 Albi
490 3182 653 3262 accepisse,
665 3181 703 3241 de
714 3182 801 3241 dono
811 3199 884 3241 vero
895 3181 967 3241 dicti
978 3181 1100 3241 comitis
1111 3181 1233 3257 domos,
1245 3196 1408 3260 quaesunt
1420 3181 1452 3240 in
1466 3181 1577 3258 burgo,

272 3273 369 3334 casale
387 3272 529 3333 Cendina
546 3291 638 3352 supra
655 3270 774 3331 flumen
790 3270 883 3330 situm
900 3286 930 3330 et
946 3271 1068 3330 vineam
1094 3272 1254 3350 quondam
1278 3270 1433 3330 Hassenni
1458 3269 1578 3346 Riserii,

272 3383 308 3424 ex
325 3362 527 3424 concessione
544 3380 617 3421 vero
635 3360 706 3419 dicti
728 3360 850 3420 comitis
873 3360 986 3419 domos
1010 3360 1040 3420 in
1065 3358 1188 3420 castello
1211 3360 1290 3436 sitas,
1314 3378 1392 3438 quas
1415 3359 1578 3436 Rigaudus

271 3468 453 3513 testamento
465 3449 814 3511 dederat—Amandus
825 3450 863 3508 de
872 3450 970 3522 Crest,
980 3448 1381 3528 constabulariusTripolis,
1389 3447 1578 3510 Guillelmus

272 3543 310 3602 de
327 3540 428 3602 Luleu
452 3539 664 3613 marescalcus,
688 3537 878 3600 Guillelmus
902 3539 1107 3616 Rainoardus,
1135 3539 1341 3611 Rainoardus,
1365 3537 1448 3598 filius
1465 3535 1532 3614 ejus
1549 3552 1579 3596 et

272 3631 420 3692 dominus
431 3630 593 3706 Tortosae,
610 3627 724 3688 Silvius
741 3628 916 3704 Rotbertus,
933 3626 1120 3689 Gillebertus
1137 3627 1174 3688 de
1192 3627 1291 3689 Podio
1308 3626 1475 3701 Laurentii,
1487 3624 1577 3687 Guil-

271 3720 384 3781 lelmus
401 3718 560 3793 Porcellet,
584 3719 774 3778 Bertrannus
791 3715 938 3791 Porcelet,
956 3715 1038 3777 filius
1055 3715 1130 3793 ejus,
1155 3718 1349 3778 Humbertus
1365 3717 1403 3777 de
1421 3715 1576 3792 Cabreria,

272 3810 314 3869 W
318 3808 452 3869 illelmus
469 3808 507 3869 de
524 3808 606 3883 Crat,
632 3807 728 3884 Hugo
749 3806 814 3866 sine
832 3824 938 3878 censu,
964 3806 1151 3868 Guillelmus
1168 3806 1273 3882 Aurei,
1297 3804 1487 3867 Guillelmus
1503 3805 1578 3864 Em-

271 3899 362 3970 briac,
388 3900 494 3959 Petrus
520 3898 557 3958 de
581 3895 717 3972 Liveriis,
741 3895 891 3975 Ligerius,
917 3894 1105 3956 Guillelmus
1128 3896 1165 3956 de
1189 3895 1299 3972 Trans,
1324 3893 1512 3956 Guillelmus
1538 3894 1577 3954 de

270 3988 385 4061 Jocuis,
403 3988 498 4065 Hugo
516 3987 554 4047 de
571 3984 739 4062 Rossillon,
751 3986 939 4045 bertrannus
955 3985 992 4045 de
1011 3984 1154 4064 Merguil,
1165 3984 1319 4063 Rogerius
1330 3985 1367 4044 de
1378 3984 1483 4060 Colea,
1495 3984 1577 4043 Pon-

271 4079 331 4138 tius
348 4078 386 4137 de
404 4077 491 4153 Sura,
504 4074 693 4137 Guillelmus
710 4074 800 4150 lsnel,
812 4073 1001 4136 Guillelmus
1013 4075 1119 4151 Ducis,
1131 4075 1303 4135 vicecomes
1312 4073 1458 4153 Tripolis,
1470 4074 1577 4132 Petrus

271 4168 308 4228 de
318 4166 509 4243 Montferrat,
517 4166 536 4243 ¹)
549 4164 746 4225 Raimundus
756 4164 939 4224 Lambertus
950 4163 1054 4241 (Paoli,
1064 4165 1181 4225 Codice
1193 4164 1214 4241 l,
1224 4183 1335 4245 p.239,
1345 4165 1406 4223 Νο.
1416 4164 1494 4242 194).
1506 4158 1577 4220 270

345 4270 366 4335 ¹)
385 4264 462 4320 Alias
474 4263 704 4320 Monteferrari0.

315 4360 326 4438 (
366 4407 384 4438 „
424 4355 473 4441 1.).
491 4393 535 4404 -
553 4358 755 4436 Almalricusl,
780 4359 810 4419 S.
829 4358 991 4439 Sepulchri
1016 4357 1108 4438 prior,
1133 4358 1288 4420 Balduino
1312 4359 1349 4419 de
1372 4358 1518 4418 Tornaco
1543 4359 1576 4419 in

271 4450 548 4511 confraternitatem
565 4466 689 4530 recepto
706 4450 738 4509 in
755 4447 854 4508 Natali
867 4448 1005 4525 Domini,
1022 4448 1053 4508 in
1071 4448 1185 4508 Pascha
1200 4463 1229 4509 et
1245 4447 1427 4523 Pentecosti,
1444 4448 1476 4507 in
1493 4447 1577 4507 festis

270 4539 300 4601 S.
319 4540 486 4620 Augustini
509 4555 537 4599 et
559 4538 714 4599 Omnium
738 4538 923 4598 Sanctorum
946 4538 1154 4617 praebendam
1177 4538 1240 4598 sive
1263 4537 1489 4618 Hierosolymis
1513 4537 1576 4597 sive

271 4629 493 4706 Mahumeriae,
511 4629 686 4689 terraticum
704 4646 827 4688 necnon
845 4628 996 4687 decimam
1014 4627 1131 4705 vineae,
1153 4646 1248 4706 quarn
1266 4628 1329 4707 ipse
1346 4629 1477 4687 habebat
1494 4624 1576 4703 juxta

270 4719 410 4796 Gabaon,
428 4719 533 4798 quoad
551 4719 640 4793 vivat,
665 4717 816 4793 concedit,
833 4736 932 4796 quum
953 4717 1035 4777 idem
1053 4716 1235 4794 Balduinus,
1261 4716 1411 4796 quicquid
1429 4717 1466 4776 de
1483 4718 1576 4776 rebus

269 4808 316 4869 vel
334 4809 499 4869 hereditate
516 4807 613 4868 fratris
629 4807 755 4867 Roberti
772 4806 902 4866 Porcarii
920 4806 1173 4883 calumniabatur,
1188 4806 1338 4866 dimiserit
1349 4823 1472 4865 necnon
1483 4824 1576 4884 quar-

270 4914 337 4958 tum
354 4913 383 4959 et
399 4898 552 4959 decimam
568 4897 675 4957 vineae
692 4915 765 4957 suae
788 4896 915 4956 interra
939 4893 1079 4974 ejusdem
1101 4895 1226 4955 Roberti
1253 4894 1326 4955 sitae
1349 4909 1419 4975 post
1442 4910 1576 4954 mortem
