3398 5400
572 344 652 417 regni
664 342 926 418 Hierosolymitani.
1338 369 1398 431 355

94 439 332 447 ——1-..—.-...--
362 441 429 446 ...--..
450 442 474 446 ...
494 443 500 446 .

94 565 227 627 cassesio
243 581 273 627 et
290 566 484 629 Narbonesio
501 567 533 627 in
550 566 712 628 hominem
736 565 871 647 accipiat,
894 565 919 627 si
937 581 1021 647 pater
1044 565 1152 627 obierit
1176 564 1282 643 (Catel,
1305 566 1400 626 Mem.

96 655 135 716 de
150 655 242 716 l'hist.
261 656 299 716 de
316 655 516 736 languedoc,
537 675 566 737 p.
586 657 788 735 705—7063
822 655 963 732 Gallaud,
987 655 1038 716 Du
1055 654 1245 732 Franc-Ieu,
1271 673 1300 735 p.
1324 672 1400 733 159;

96 745 196 806 David
213 745 326 822 Devos,
343 745 448 807 Traite'
464 746 507 807 du
524 747 627 806 comte‘
643 745 681 806 de
697 745 829 822 Castres,
847 765 876 826 p.
897 746 953 819 263
979 743 1063 806 Paoli
1081 744 1102 823 l,
1119 763 1148 826 p.
1171 743 1252 824 530).
1311 739 1400 802 1357

141 849 248 929 (1268
264 870 334 934 post
353 853 426 931 Maj.
450 853 509 930 18).
530 888 573 898 —
590 853 745 915 Soldanus
764 852 897 934 Aegypti
920 853 1126 927 (Bondocdar)
1147 851 1335 915 Boamundo
1351 850 1402 928 Vl,

96 941 228 1022 principi
240 943 433 1021 Antiochiae,
446 943 572 1025 epistola
583 945 689 1004 acerba
706 958 735 1003 et
751 942 977 1003 contumeliosa
994 941 1124 1020 nuntiat,
1141 961 1173 1002 se
1184 940 1282 1022 ipsius
1294 942 1403 1002 urbem

95 1031 280 1093 Antiochiae
297 1034 333 1094 18
350 1033 399 1094 dle
417 1031 489 1110 Maji
506 1033 623 1113 cepisse
640 1048 756 1093 etcum
773 1031 908 1093 ecclesiis
925 1030 956 1092 S.
968 1031 1053 1092 Pauli
1070 1046 1100 1092 et
1115 1029 1147 1093 S.
1156 1031 1289 1092 Cosmae
1305 1044 1402 1090 vasta-

95 1120 185 1200 visse,
197 1120 307 1183 incolis
318 1123 467 1203 usquead
479 1122 625 1183 ultimum
636 1121 810 1199 Interfectis,
819 1120 1041 1182 etAntiochiae
1052 1120 1167 1181 vicinas
1178 1122 1269 1181 urbes
1280 1117 1407 1180 Schalrif

97 1208 216 1270 Talmis
232 1226 261 1271 et
277 1209 406 1273 Schaltif
417 1211 603 1273 Kalredenia
620 1210 843 1293 expugnavisse
860 1208 1075 1287 (Quatremere
1092 1208 1145 1288 IB,
1166 1229 1196 1291 p.
1219 1227 1278 1288 190
1289 1241 1330 1251 -
1344 1228 1397 1286 ¹9¹

98 1295 247 1379 [arabice],
264 1319 294 1382 p.
318 1321 490 1381 191—194
507 1298 618 1381 [versio
634 1297 769 1380 gallica];
802 1299 946 1360 Reinaud
962 1299 996 1360 in
1011 1300 1119 1360 Journ.
1137 1298 1219 1360 as'iat.
1236 1298 1289 1376 XI,
1312 1316 1342 1379 p.
1361 1298 1402 1364 78

95 1389 201 1468 —853
219 1389 373 1467 Reinaud,
391 1390 529 1466 Extraits,
548 1410 577 1471 p.
599 1408 787 1470 507—512;
806 1388 944 1467 Willren,
961 1388 1074 1451 Gesch.
1093 1388 1122 1449 d.
1140 1388 1323 1466 Kreuzztlge
1341 1386 1403 1465 Vll,

95 1496 168 1558 app.
187 1496 217 1558 p.
229 1478 341 1558 V-X,
359 1480 419 1541 No.
439 1500 474 1554 2;
492 1480 586 1558 Weil,
604 1479 718 1541 Gesch.
730 1479 759 1539 d.
771 1477 914 1540 Chalifen
932 1478 981 1556 IV,
999 1498 1028 1559 p.
1041 1478 1188 1558 63-67;
1206 1476 1244 1539 cf.
1256 1475 1404 1538 Archives

96 1566 137 1626 de
153 1566 287 1629 I'Orient
302 1569 377 1630 IatIn
396 1569 421 1630 Il
430 1574 467 1646 A,
489 1588 517 1649 p.
538 1586 734 1650 399—400,
753 1583 817 1629 not.
841 1568 920 1647 ¹40I·
936 1561 945 1650 II
961 1568 1045 1629 Idem
1063 1566 1163 1628 eidem
1181 1566 1288 1647 (April.
1312 1565 1403 1642 1270)

96 1655 204 1716 denuo
227 1657 383 1739 scripsisse
400 1674 430 1719 et
446 1661 483 1719 ab
506 1659 618 1719 eodem
642 1676 829 1740 responsum
852 1657 1004 1738 accepisse
1028 1656 1124 1718 fertur
1146 1655 1335 1734 (brevissime
1352 1674 1403 1715 ex-

96 1761 239 1825 cerptum
264 1747 297 1808 in
323 1747 476 1826 Reinaud,
502 1747 644 1825 Extraits,
672 1766 701 1828 p.
723 1767 783 1825 5²7
810 1761 839 1808 et
866 1746 1031 1808 Menconis
1055 1746 1176 1825 chron,
1203 1765 1233 1828 p.
1254 1762 1332 1824 5573
1365 1743 1403 1804 cf.

97 1834 247 1896 Archives
263 1836 301 1897 de
317 1836 450 1898 I'Orient
466 1836 539 1899 latin
556 1837 625 1914 IIA,
644 1856 672 1917 p.
689 1835 774 1915 400).
1314 1829 1405 1892 1358

188 1986 207 2018 ,,
253 1943 323 2003 Jun.
350 1942 519 2004 Aureliani.
536 1976 581 1986 -—
596 1944 737 2020 Jacobus,
759 1943 852 2002 abbas
869 1941 986 2003 Montis
1003 1941 1090 2020 Sion,
1108 1941 1243 2022 priorem
1266 1939 1297 2001 S.
1316 1938 1405 2000 Sarn-

97 2029 185 2090 sonis
202 2031 338 2092 abbatiae
354 2032 587 2093 Aurelianensis
610 2032 783 2110 Hugonem
805 2048 893 2092 vocat
916 2031 994 2113 (Rey
1011 2030 1194 2092 memoravit
1211 2031 1243 2091 in
1260 2029 1356 2091 Me'tn.
1374 2028 1403 2089 d.

96 2118 194 2199 antiq.
212 2119 250 2181 de
268 2120 383 2182 France
405 2122 497 2200 1888,
515 2121 648 2198 XLVIII,
666 2140 695 2202 p.
716 2119 775 2200 56).
1314 2113 1404 2176 1359

188 2269 206 2301 „
253 2226 312 2288 Jul.
331 2247 360 2306 9.
386 2227 495 2289 Senae.
517 2261 560 2272 -
584 2227 749 2289 Conradus
766 2226 799 2304 Il,
818 2246 869 2286 rex
894 2225 1023 2305 Siciliae,
1048 2225 1192 2287 fidelibus
1214 2222 1405 2286 Sanensibus

97 2314 253 2394 quaedam
276 2315 433 2397 privilegia
456 2317 489 2378 In
513 2335 611 2396 regno
634 2315 754 2378 Siciliae
770 2331 799 2377 et
815 2320 940 2377 Accone
965 2315 1115 2394 concedit,
1138 2313 1252 2375 scilicet
1272 2329 1306 2375 ut
1320 2312 1405 2393 apud

97 2418 240 2464 catenam
262 2405 398 2467 Acconis
420 2422 483 2467 tam
507 2406 539 2467 In
562 2406 689 2468 introitu
713 2425 808 2486 quarn
831 2405 913 2466 exitu
937 2405 975 2466 de
992 2405 1019 2466 C
1035 2424 1135 2466 unum
1159 2419 1280 2464 tantum
1303 2401 1404 2463 curiae

99 2493 201 2573 regiae
218 2494 341 2555 solvant
356 2494 405 2571 (G.
418 2495 539 2574 Mtlller,
557 2515 585 2576 p.
604 2515 784 2571 too—tot,
796 2495 856 2555 No.
870 2513 927 2569 703
944 2493 1216 2572 thmer·Ficlter,
1227 2493 1287 2554 No.
1298 2492 1403 2572 48573

98 2582 135 2644 cI.
155 2583 304 2644 Archives
320 2584 350 2644 d.
368 2585 451 2646 miss.
467 2584 608 2665 scientif,
625 2584 645 2646 I.
664 2605 689 2646 c.
707 2603 737 2666 p.
758 2586 836 2664 3643
864 2583 955 2666 Heyd
971 2583 992 2662 l,
1010 2603 1040 2665 p.
1060 2584 1139 2664 3183
1164 2581 1404 2656 Schirrmacher,

99 2671 158 2732 Die
174 2672 285 2733 letzten
303 2673 553 2751 Hohenstaulen,
571 2694 600 2755 p.
621 2674 815 2754 373—374I-
1025 2726 1027 2731 -
1314 2666 1404 2728 1360

190 2825 209 2857 ,,
254 2782 313 2842 sub
324 2779 420 2842 finem
431 2781 513 2864 Sept.
531 2786 638 2843 Accon
649 2781 786 2861 (gallice).
796 2815 839 2824 -
850 2781 965 2859 Guido,
976 2780 1060 2863 prior
1076 2780 1106 2842 S.
1118 2778 1292 2861 Sepulchri,
1302 2778 1404 2857 sigillo

98 2868 273 2949 confirmat,
298 2871 520 2953 Aymeri(cum)
544 2871 675 2932 PoIniau
697 2888 725 2932 et
742 2871 886 2947 Ysabiau,
910 2869 1036 2932 viduam
1059 2868 1209 2932 Johannis
1225 2869 1264 2930 de
1280 2865 1405 2929 Proveis

97 2958 154 3019 sed
179 2959 336 3040 praedicto
363 2959 549 3042 Aymeri(co)
576 2976 755 3042 nupturam,
781 2979 852 3021 cum
879 2958 943 3021 filio
967 2958 1075 3020 loffroi
1101 2959 1136 3020 in
1162 2960 1272 3020 urbem
1296 2962 1405 3018 Accon

99 3048 279 3109 bracchium
305 3048 335 3110 S.
354 3049 487 3131 Philippi
510 3068 617 3111 secum
641 3046 841 3131 asportavisse
864 3048 1022 3124 (Archives
1039 3049 1077 3110 de
1093 3046 1226 3110 I'Orient
1240 3047 1317 3108 latin
1333 3046 1357 3107 Il
1366 3051 1404 3125 A,

99 3157 130 3219 p.
155 3138 224 3215 181,
242 3139 302 3200 No.
322 3155 357 3219 3;
382 3139 420 3201 cf.
438 3159 468 3221 p.
492 3141 673 3220 182—183,
691 3140 750 3200 No.
768 3140 810 3219 4).
1314 3134 1400 3195 1361

191 3287 209 3320 ,,
257 3243 367 3306 Octob.
382 3265 432 3324 22,
450 3245 514 3306 ind.
531 3245 582 3306 XI.
603 3246 718 3307 Januae
735 3245 767 3306 in
785 3244 895 3326 palatio
913 3244 1038 3306 illorum
1054 3243 1093 3304 de
1108 3242 1218 3305 Aurio.
1235 3276 1277 3287 -
1295 3241 1405 3318 Quum

100 3332 182 3394 inter
197 3352 367 3395 commune
383 3335 588 3396 Januensium
604 3355 640 3396 ex
657 3355 720 3396 una
744 3352 826 3415 parte
843 3349 872 3394 et
889 3355 924 3395 ex
940 3333 1034 3395 altera
1050 3333 1130 3394 inter
1145 3332 1285 3411 Esbolez,
1306 3331 1406 3393 filium

101 3422 240 3484 Boliezer
263 3424 504 3503 Damascenum,
528 3424 690 3485 hominem
715 3423 835 3485 domini
860 3423 992 3504 Philippi
1016 3424 1054 3484 de
1074 3422 1172 3504 Tyro,
1195 3440 1254 3484 suo
1278 3421 1406 3503 proprio

101 3512 233 3574 nomine
250 3528 279 3574 et
296 3513 424 3574 nornine
436 3515 580 3576 Musauci
598 3514 773 3594 Mossolini,
781 3513 801 3590 1)
819 3513 937 3574 incolae
954 3511 1154 3589 Acconensis,
1170 3526 1200 3573 et
1216 3510 1341 3590 Salibbi,
1357 3511 1405 3571 in-

100 3601 186 3663 colae
203 3603 404 3682 Acconensis,
422 3602 517 3681 Azizi,
535 3602 589 3664 filii
606 3602 734 3681 Adalab,
746 3621 884 3684 quorum
901 3601 973 3663 dicit
988 3622 1020 3663 se
1037 3621 1102 3663 esse
1118 3616 1360 3683 procuratorem,
1377 3615 1408 3661 et

100 3691 175 3752 Jane
192 3691 296 3753 Gesan
311 3712 367 3752 seu
384 3693 422 3754 de
446 3693 558 3771 Insula,
583 3692 718 3753 Incolam
741 3698 968 3769 Acconensem,
992 3692 1121 3753 nomine
1145 3710 1204 3752 suo
1226 3706 1256 3752 et
1278 3688 1406 3751 nomine

101 3780 237 3858 BeIIech,
249 3780 303 3841 filii
315 3781 427 3860 Selem,
446 3781 582 3843 hominis
599 3781 943 3861 dominiTartarorum,
958 3796 987 3842 et
1003 3780 1114 3842 Felech
1125 3780 1163 3841 de
1174 3778 1276 3859 Oreci,
1287 3778 1406 3840 Incolae

102 3870 304 3947 Acconensis,
322 3885 352 3931 et
368 3871 547 3933 Salomonis
557 3870 684 3948 Casimi,
696 3872 816 3933 incolae
830 3870 1032 3948 Acconensis,
1049 3889 1187 3951 quorum
1204 3869 1277 3930 dicit
1291 3889 1324 3930 se
1340 3888 1406 3930 esse

102 3974 346 4041 procuratorem,
371 3979 495 4021 necnon
519 3960 733 4040 Salomonem,
750 3960 850 4021 filium
866 3959 984 4040 Rasini,
1001 3960 1229 4021 Damascenum
1246 3975 1275 4020 et
1291 3958 1406 4019 habita-

101 4063 201 4109 torem
218 4053 446 4128 Acconensem,
471 4050 599 4111 nomine
622 4068 682 4112 suo
705 4065 734 4111 et
757 4051 885 4111 nomine
903 4048 1030 4131 Georgii
1047 4047 1158 4129 clerici,
1181 4046 1271 4127 cujus
1286 4068 1318 4109 se
1335 4047 1409 4108 dicit

103 4154 347 4219 procuratorem,
365 4154 393 4199 et
408 4138 555 4221 Bogaleb,
576 4139 675 4201 filium
692 4138 833 4218 Belzech,
851 4139 1090 4217 Damascenum,
1107 4137 1269 4200 hominem
1287 4135 1408 4198 domini

101 4226 189 4309 Tyri,
206 4243 235 4288 et
252 4229 383 4289 Monsor
399 4228 583 4308 Erminium,
608 4229 769 4290 hominem
793 4228 873 4309 regis
888 4227 1054 4289 Armeniae
1078 4243 1107 4288 et
1130 4226 1265 4288 incolam
1282 4224 1406 4306 Ajaccii,

103 4316 233 4377 nomine
249 4336 308 4378 suo
320 4318 447 4399 proprio
458 4333 487 4379 et
498 4318 626 4380 nomine
637 4318 767 4380 Vasachi
779 4318 938 4396 Baharam,
949 4316 1089 4379 Barsonti
1100 4316 1271 4395 Michaelis,
1283 4316 1408 4378 Mache-

103 4406 161 4467 toti
185 4406 284 4468 David
304 4423 333 4468 et
348 4408 440 4489 Josep
463 4407 547 4469 Azizi
568 4423 598 4468 et
614 4410 750 4486 Musaut,
775 4407 902 4468 fratrum
925 4408 964 4469 de
986 4405 1122 4486 Ajaccio,
1146 4406 1314 4467 homInunt
1338 4404 1409 4466 dicti

102 4493 193 4575 regis,
211 4514 349 4575 quorum
366 4516 398 4558 se
415 4496 489 4558 dicit
504 4517 569 4558 esse
587 4513 830 4580 procuratorem,
848 4513 876 4558 et
891 4496 1067 4558 Johannem
1082 4497 1257 4557 Barsonum
1280 4494 1409 4557 nomine

103 4584 243 4646 SImonis
259 4586 297 4647 de
308 4586 483 4666 Antiochia,
496 4587 634 4648 hominis
644 4587 831 4668 patriarchae
841 4584 1042 4666 Antiocheni,
1053 4583 1143 4666 cujus
1159 4600 1340 4666 procurator
1356 4598 1409 4663 est,

102 4689 137 4735 ut
153 4690 281 4755 apparet
295 4694 333 4736 ex
349 4675 556 4738 instrumento
579 4696 675 4737 manu
693 4675 831 4737 Simonis
854 4675 964 4737 Roveti
987 4676 1067 4737 1268
1097 4675 1133 4737 18
1150 4673 1211 4736 Juli
1233 4673 1357 4756 scripto,
1381 4688 1410 4734 et

102 4764 234 4825 nomine
251 4764 411 4846 Stephani,
435 4765 488 4826 filii
506 4765 644 4845 Olleure,
670 4781 700 4827 et
724 4764 845 4844 Nicole,
871 4764 924 4826 filii
950 4763 1044 4845 Bede,
1070 4762 1235 4826 homiuum
1261 4762 1409 4846 principis

179 4906 199 4970 ¹)
219 4902 408 4974 Mossulitani,
421 4915 598 4960 mercatores
612 4901 689 4958 urbis
703 4901 814 4959 Mossul
827 4902 934 4975 (Heyd,
946 4900 1018 4957 Hist.
1033 4900 1071 4956 du
1086 4917 1252 4958 commerce
1264 4900 1284 4971 l,
1297 4917 1324 4972 p.
1339 4899 1408 4970 176).

1195 5006 1249 5082 23'
