3398 5400
250 387 306 429 102
729 397 731 401 >
808 361 981 429 negasti

1390 450 1547 461 -ι--ι-σ

243 594 314 642 ante
339 580 472 642 domum
498 579 678 662 Hospitalis,
704 581 837 659 gastinas
862 581 1001 642 Danielis
1026 597 1055 642 et
1080 581 1202 661 Ugonis
1227 579 1389 656 Bernardi,
1415 598 1550 660 quarum

243 669 369 731 alteram
386 670 542 732 Robertus
559 671 597 731 de
614 668 793 730 Surdavalle
816 671 963 748 attribuit,
987 671 1099 732 deinde
1119 689 1176 751 pro
1193 670 1314 731 cambio
1332 669 1369 730 III
1386 684 1550 731 estacono-

243 778 380 835 morum,
398 778 478 839 quae
495 759 663 821 Laodiceae
680 759 802 820 suntin
818 760 919 821 littore
936 760 1038 836 maris,
1056 760 1152 821 donat
1170 760 1297 820 hortum
1307 758 1459 841 Hospitali
1476 758 1550 819 vici-

243 868 320 910 num
342 865 372 910 et
394 849 449 911 XL
466 848 613 910 bisantios
636 847 757 909 assisiae
781 849 819 910 de
842 850 957 911 tanesia
981 869 1035 931 per
1057 849 1198 930 singulos
1221 868 1321 909 annos
1344 847 1549 930 recipiendos,

244 955 397 1020 praeterea
420 938 452 999 in
469 937 621 1000 territorio
642 937 755 999 Gibelli
778 955 929 1001 turonum
952 940 991 1000 de
1014 939 1138 1000 Beauda
1161 958 1232 999 cum
1258 937 1450 1019 pertinentiis
1466 953 1496 998 et
1513 936 1550 998 III

242 1027 370 1107 gastinis
390 1027 491 1090 eidem
508 1043 623 1089 turono
640 1027 758 1105 vicinis,
783 1028 910 1110 insuper
933 1029 1061 1089 hortum
1084 1027 1163 1088 infra
1185 1047 1293 1088 muros
1317 1027 1495 1102 Laodiceae,
1521 1042 1551 1087 et

243 1116 366 1178 vineam
382 1116 524 1179 concedit
541 1117 619 1178 ultra
635 1116 753 1178 fontem
770 1118 870 1195 sitam,
888 1137 982 1198 quam
1004 1117 1089 1178 dedit
1113 1117 1267 1178 Robertus
1291 1116 1443 1192 ManseIII,
1466 1132 1495 1177 et
1512 1116 1550 1177 III

243 1221 413 1267 carrucatas
436 1207 602 1287 proximas,
627 1205 659 1267 in
682 1206 835 1268 territorio
859 1207 973 1270 Gibelli
991 1207 1016 1268 V
1033 1221 1202 1268 carrucatas
1227 1221 1323 1266 terrae
1347 1222 1376 1266 et
1398 1205 1550 1286 hospitale

243 1293 383 1373 ejusdem
400 1295 527 1356 civitatis
543 1315 615 1357 cum
633 1296 824 1377 pertinentiis
841 1313 870 1358 et
885 1296 1066 1373 redditibus,
1087 1297 1171 1357 unde
1189 1296 1294 1356 fratres
1310 1294 1479 1376 Hospitalis
1494 1314 1551 1376 per

242 1383 384 1465 singulos
408 1405 532 1446 menses
556 1385 623 1446 XIII
645 1385 838 1445 marcibanos
862 1385 1009 1447 frumenti
1033 1386 1165 1446 habeant
1188 1385 1312 1465 oleique
1338 1385 1379 1447 IV
1402 1384 1495 1463 litras,
1521 1400 1551 1445 et

151 1520 156 1533 .
243 1473 401 1555 praecipit,
418 1490 453 1535 ut
469 1494 524 1555 per
539 1474 680 1552 siugulos
696 1493 796 1535 anuos
813 1490 913 1536 totum
932 1475 1125 1536 frumentum
1143 1475 1175 1535 in
1191 1474 1268 1535 areis
1284 1473 1449 1555 recipiatur
1464 1472 1550 1534 sitni-

244 1564 313 1624 Iiter
328 1563 434 1625 oleum
452 1563 485 1624 in
502 1563 663 1625 massariis.
689 1564 833 1645 Denique
852 1565 883 1625 in
900 1564 1036 1624 assisiam
1048 1584 1103 1645 per
1118 1564 1259 1642 singulos
1270 1583 1370 1625 annos
1380 1563 1550 1624 Laodiceae

244 1652 307 1713 LIII
323 1653 470 1714 bisantios
493 1669 522 1713 et
546 1653 587 1714 XI
604 1653 747 1715 denarios
772 1654 811 1714 de
834 1654 960 1727 taneria,
978 1653 1106 1714 totidem
1131 1653 1279 1714 bisantios
1305 1654 1343 1714 de
1369 1653 1550 1714 tenturreria

243 1758 272 1802 et
295 1741 425 1804 totidem
447 1742 601 1804 bisancius
624 1742 661 1802 de
685 1742 755 1803 oleo
780 1742 962 1805 fossintanni
976 1744 999 1818 ²]
1029 1742 1225 1823 recipiendos
1248 1742 1352 1803 donat.
1384 1741 1551 1803 Traditum

244 1830 396 1912 Hospitali
409 1851 463 1912 per
479 1851 608 1892 manum
620 1831 753 1894 Girberti
770 1832 916 1911 magistri.
928 1866 971 1875 ——
983 1832 1198 1906 Raemundus,
1211 1851 1315 1892 comes
1325 1831 1550 1912 Tripolitanus,

243 1921 392 1982 dominus
408 1920 589 1998 Silvester,³)
605 1920 761 1982 Robertus
771 1921 809 1982 de
820 1922 1008 1995 Surdavalle,
1021 1921 1176 1982 Robertus
1187 1921 1329 1982 MansclIi
1340 1920 1499 1982 Bethleem
1509 1919 1551 1998 (ζ’),

244 2009 424 2071 Willelmus
440 2010 478 2071 de
495 2010 599 2090 Logis.
625 2010 739 2071 Datum
759 2030 813 2091 pet
829 2030 958 2071 manum
975 2010 1123 2071 Bernardi
1140 2010 1309 2071 cancellarii
1327 2009 1421 2086 (Paoli
1434 2010 1454 2087 I,
1467 2029 1496 2091 p.
1511 2011 1550 2088 38

242 2118 341 2179 -3a
360 2100 419 2160 N0·
439 2119 496 2179 373
522 2099 560 2160 cf·
579 2118 607 2180 v·
624 2099 822 2179 496—497).
1482 2096 1551 2158 38⁷

317 2199 337 2270 ²)
357 2197 509 2268 Corrigas:
530 2197 681 2254 sussimani
700 2197 770 2266 (olei
783 2197 887 2253 sesami
899 2196 1043 2253 orientalis
1062 2197 1120 2254 slve
1134 2197 1217 2268 albi);
1237 2197 1271 2253 cf.
1286 2199 1370 2271 IIeyd
1383 2199 1403 2269 I,
1423 2216 1449 2270 p.
1468 2215 1550 2270 177-

248 2270 304 2342 178.
378 2275 398 2334 ⁸)
418 2254 494 2325 Alias
508 2282 642 2325 vocatur:
660 2283 801 2342 cognatus
815 2267 957 2341 principis.

292 2363 391 2424 1163.
409 2399 453 2409 -
468 2366 675 2427 Boamundus
691 2365 739 2437 III,
758 2365 933 2427 Raemundi
951 2364 1098 2445 priucipis
1115 2364 1206 2437 lilius,
1224 2365 1367 2447 princeps
1382 2365 1552 2427 Antioche-

244 2475 314 2529 nus‚
332 2454 502 2517 Laodiceae
519 2470 549 2515 et
565 2453 675 2516 Galadi
693 2454 851 2528 domiuus,
869 2454 1013 2515 ecclesiae
1031 2454 1087 2515 Dei
1105 2471 1133 2515 et
1150 2454 1181 2515 S.
1200 2455 1340 2516 Andreae
1358 2455 1396 2515 de
1414 2454 1551 2536 Malphia

242 2544 424 2624 cunctisque
457 2543 656 2626 Malphitanis
687 2545 883 2605 medletatem
914 2563 1042 2605 suarum
1072 2544 1338 2606 consuetudinum
1364 2565 1398 2605 ac
1423 2543 1551 2621 jurium,

243 2633 376 2694 liberum
394 2633 619 2695 commercium
637 2649 666 2694 et
685 2632 852 2694 incivitate
870 2633 1039 2694 Laodiceae
1055 2634 1092 2694 III
1109 2647 1294 2711 estracones,
1311 2653 1449 2714 quorum
1473 2633 1551 2695 fines

242 2739 332 2785 sunt:
357 2724 394 2783 ab
411 2722 570 2784 occidente
588 2737 696 2804 portus
713 2722 815 2797 maris,
840 2743 856 2782 a
873 2723 1001 2783 meridie
1025 2721 1150 2783 ccclesia
1177 2722 1207 2783 S.
1226 2723 1306 2784 Petri
1323 2724 1360 2784 de
1378 2723 1488 2801 Platea,
1513 2725 1551 2783 ab

242 2811 360 2873 oriente
377 2812 435 2888 via,
453 2832 469 2872 a
485 2811 695 2894 septentrione
712 2813 826 2873 domus
844 2811 977 2888 Susiani,
995 2812 1050 2892 qui
1074 2828 1199 2873 vocatur
1217 2818 1317 2890 Asset,
1342 2833 1397 2892 per
1419 2831 1552 2873 manum

244 2899 388 2962 Landulfi
406 2901 538 2962 Comitis
563 2902 674 2962 Mauro
690 2917 720 2962 et
736 2902 838 2962 Lucae
855 2901 892 2962 de
911 2900 1005 2962 Floro
1023 2901 1141 2962 Mccc
1158 2901 1296 2962 bisantIis
1321 2903 1451 2983 acceptis
1474 2921 1551 2962 con-

243 2990 323 3051 cedit
345 3006 374 3051 et
397 2990 498 3070 sigillo
522 2989 693 3052 coufirmat.
711 3024 755 3034 -
772 2990 928 3052 Dominus
952 2989 1105 3064 Silvestcr,
1130 2990 1286 3052 Robertus
1306 2991 1343 3052 de
1360 2991 1550 3065 Surdavalle,

244 3078 422 3140 Willelmus
438 3080 476 3140 de
493 3079 598 3160 Logis,
622 3080 814 3142 Guiscardus
831 3081 868 3140 de
885 3080 1047 3156 Nazareth,
1064 3079 1243 3153 Wilelmus,
1265 3079 1355 3141 irater
1370 3081 1550 3159 Cammarii,

244 3184 272 3229 et
289 3166 355 3245 ejus
372 3167 462 3229 frater
477 3169 645 3248 lohannes,
667 3168 822 3231 Galtetius
839 3169 958 3243 Doella,
975 3170 1152 3230 Bernardus
1168 3169 1368 3247 Cavallarius,
1394 3170 1551 3231 Robertus

243 3258 281 3318 de
298 3258 439 3333 Verduu,
464 3259 633 3319 Arnaudus
656 3259 694 3319 de
719 3259 864 3335 Lambos,
890 3258 1076 3333 Bernardus,
1103 3259 1253 3333 Andreas,
1280 3260 1398 3336 Petrus,
1423 3259 1550 3337 Anecel,

242 3347 350 3408 Petrus
367 3347 405 3407 de
422 3348 518 3409 Becar
534 3348 675 3422 (Camera
691 3347 712 3424 I,
731 3367 760 3428 p.
775 3368 853 3423 202,
879 3346 1004 3426 Ughelli
1015 3348 1079 3423 VII,
1097 3367 1127 3429 p.
1142 3367 1333 3428 203—2043
1359 3347 1396 3409 cI.
1415 3349 1512 3409 Pansa
1528 3347 1551 3422 I,

243 3455 439 3517 v-a4-953
466 3436 835 3518 Heyd1,p.147,153).
1480 3435 1551 3496 388

326 3590 345 3620 „
392 3548 508 3604 Accon.
519 3577 563 3587 -
580 3543 789 3617 Raimundus,
807 3542 1147 3624 comesTripolitanus,
1164 3543 1265 3623 sigillo
1282 3544 1454 3620 conlirmat,
1472 3544 1552 3605 inter

242 3632 476 3710 Bernardum,¹)
493 3634 633 3693 abbatem
647 3632 763 3694 Montis
772 3632 911 3709 Thabor,
923 3652 995 3693 cutn
1007 3632 1142 3713 capitulo
1159 3651 1188 3693 et
1205 3635 1329 3695 Petrum
1346 3634 1384 3694 de
1402 3634 1551 3694 Nimencs

242 3741 368 3784 necnon
392 3721 512 3782 fratrem
537 3719 678 3797 ejusdem
701 3721 838 3782 nominis
862 3722 894 3782 in
918 3722 1015 3783 domo
1039 3722 1157 3783 Giraldi
1181 3723 1219 3783 de
1243 3722 1355 3784 Conilz
1375 3723 1551 3784 Acconcnsi

242 3812 334 3872 talem
351 3811 593 3872 conventionem
612 3811 721 3872 factam
738 3810 843 3887 fuisse,
867 3826 901 3873 ut
916 3812 1092 3872 Bernardus
1110 3811 1199 3872 Petro
1224 3810 1352 3892 ejusque
1371 3812 1451 3873 fratri
1468 3810 1550 3888 eius-

242 3902 313 3962 dem
332 3899 480 3976 nomInIS,
498 3900 647 3980 quicquid
673 3900 752 3960 dicta
775 3900 900 3961 ecclesia
926 3901 1050 3961 haberet
1073 3900 1151 3961 infra
1168 3901 1318 3961 ambitum
1336 3901 1462 3962 civitatis
1478 3902 1550 3962 Tri-

241 3989 408 4072 politanae,
432 3989 529 4050 casale
554 3989 644 4050 etiam
661 3990 864 4050 Betahamum
891 3989 923 4050 in
949 3989 1101 4051 territorio
1129 3990 1245 4051 Montis
1265 3990 1394 4051 Thabor
1411 3989 1504 4051 situm
1522 4004 1552 4052 et

242 4079 360 4160 reliqua
377 4079 494 4157 omnia,
506 4098 586 4160 quae
603 4079 774 4160 possideret
789 4078 821 4138 in
838 4094 904 4140 toto
922 4078 1068 4140 comitatu
1078 4079 1286 4160 Tripolitano,
1303 4081 1340 4140 ad
1351 4080 1440 4141 XXV
1450 4100 1551 4141 annos

243 4168 431 4250 possidenda
442 4169 636 4247 concederet,
648 4187 713 4249 quo
723 4168 823 4250 spatio
839 4183 991 4228 trausacto
1008 4168 1105 4229 casale
1122 4187 1194 4229 cum
1211 4169 1372 4249 praedictis
1382 4171 1420 4229 ad
1433 4170 1551 4231 Montis

241 4259 371 4320 Thabor
386 4257 544 4320 ecclesiam
562 4258 734 4319 rediturum
752 4276 833 4332 esse;
859 4275 1014 4339 emptores
1029 4277 1103 4318 vero
1120 4259 1219 4319 abbati
1247 4259 1387 4321 DCCCC
1404 4259 1551 4319 bisantios

241 4348 368 4410 solvisse
385 4362 414 4409 et
438 4347 471 4407 in
493 4367 682 4428 unaquaque
706 4346 898 4428 solempitate
923 4347 1057 4428 paschali
1080 4347 1167 4409 XXV
1184 4367 1342 4409 annorum
1359 4348 1386 4409 C
1403 4348 1551 4409 bisantios

241 4438 369 4499 reddere
386 4438 508 4515 debere,
525 4437 578 4498 sed
595 4457 612 4497 a
627 4435 784 4497 solutione
802 4437 914 4497 liberos
930 4457 1008 4511 esse,
1025 4437 1050 4496 si
1068 4437 1171 4497 hostes
1183 4438 1305 4514 domos,
1316 4437 1432 4514 vineas,
1444 4438 1551 4498 hortos

242 4544 271 4589 et
287 4528 397 4588 oliveta
413 4526 547 4586 omniuo
564 4524 797 4586 devastaverint.
826 4525 956 4586 Factum
973 4524 1119 4586 Amalrici
1137 4526 1147 4586 I
1164 4527 1244 4605 regis
1261 4545 1345 4586 anno
1363 4527 1383 4587 I.
1401 4561 1445 4569 —
1461 4527 1550 4588 Gari-

241 4635 311 4694 nus,
329 4616 414 4698 prior
430 4615 527 4677 dictae
545 4615 699 4689 ecclesiae,
720 4615 852 4675 Iacobus
869 4614 1023 4695 subprior,
1049 4615 1235 4677 Dominicus
1251 4631 1367 4690 cantor,
1386 4616 1549 4690 Geraldus,

243 4705 421 4783 Gervasius,
438 4703 635 4784 Lancelinus,
653 4705 837 4778 Ademarus,
855 4703 1013 4784 Nicolaus,
1036 4704 1153 4781 Petrus,
1171 4705 1357 4787 Stephanus,
1375 4704 1550 4783 Rainerius,

241 4794 409 4873 Iohannes,
433 4794 540 4873 Hug0,
564 4793 716 4855 Arnulfus
732 4793 917 4870 cellararius,
933 4794 1101 4872 Iohannes,
1119 4794 1225 4873 Hug⁰,
1247 4794 1408 4874 Martinus,
1428 4796 1551 4857 Marcus

316 4915 335 4984 ¹)
354 4914 398 4968 De
412 4930 472 4987 quo
486 4915 600 4986 (postea
614 4910 752 4987 episcopo
765 4911 925 4986 Lyddensi)
938 4911 974 4968 cf.
989 4913 1099 4967 ZDPV.
1114 4912 1150 4984 X,
1162 4929 1189 4984 p.
1204 4929 1246 4988 39.
