3398 5400
670 732 1274 842 SUPPLEMENTUM.

414 1099 579 1177 Postquam
604 1099 662 1159 hoc
686 1098 872 1177 opusculum
898 1096 1017 1157 linitum
1043 1098 1109 1171 luit,
1135 1098 1283 1159 nonnulla
1308 1116 1422 1177 regesta
1449 1098 1567 1160 Urbani
1587 1098 1626 1157 lV

326 1188 422 1248 modo
439 1186 519 1247 edita
537 1187 721 1258 invenimus,
740 1207 818 1266 quae
836 1187 1073 1265 praetermittere
1090 1186 1246 1249 nolumus.

374 1273 461 1334 1263
479 1277 557 1337 Nov.
588 1296 632 1354 13·
650 1276 742 1357 Apud
770 1276 885 1337 Urbem
913 1290 1054 1336 veterem.
1086 1309 1118 1318 -
1149 1276 1348 1337 UrbanuslV
1373 1275 1558 1343 (Guillelmo
1584 1275 1630 1347 ll).

326 1366 512 1445 patriarchae
539 1365 832 1446 Hierosolymitano‚
860 1366 993 1441 mandat,
1021 1380 1054 1425 ut
1080 1365 1267 1425 monasterio
1292 1365 1322 1425 S.
1350 1366 1464 1425 Mariae
1490 1366 1529 1425 de
1553 1364 1629 1425 valle

325 1456 469 1535 iosaphat
501 1454 635 1533 aliquam
668 1474 830 1534 personam
863 1454 1006 1514 idoneam
1040 1454 1071 1514 in
1102 1456 1241 1515 abbatem
1252 1458 1271 1530 ¹)
1302 1453 1456 1535 praeliciat
1488 1452 1629 1534 (Registr.

329 1543 443 1605 Urbani
462 1540 518 1615 lV,
536 1544 595 1603 Νο.
616 1540 722 1623 2223).

421 1634 436 1683 ¹l
448 1628 605 1680 iacobum?

375 1701 463 1762 1264
481 1700 591 1764 Martio
611 1702 795 1765 1611111.-
814 1703 896 1763 ldem
923 1703 1024 1764 eidem
1050 1705 1186 1781 mandat⁷
1212 1719 1245 1765 ut
1266 1703 1435 1771 lulianum.
1462 1705 1630 1765 dominum

327 1793 553 1863 Sidoniensem,
569 1808 598 1853 et
614 1794 643 1855 S.
654 1796 683 1868 ¹),
700 1793 778 1871 regis
796 1793 959 1854 Armeniae
976 1810 1088 1864 natam,
1103 1793 1277 1875 compellat,
1295 1794 1381 1873 quod
1407 1812 1471 1853 non
1488 1796 1629 1853 obstante

327 1883 364 1942 ad
392 1882 520 1942 invicem
548 1882 692 1942 contracti
719 1881 908 1942 matrimonii
934 1882 1154 1962 irregularitate
1186 1883 1278 1943 vitam
1309 1902 1512 1944 communem
1537 1898 1631 1961 agant

327 1972 409 2045 (ibid.
426 1972 484 2031 No.
507 1971 606 2048 1466).

420 2058 440 2121 ¹)
453 2053 570 2125 Sibylla.
583 2052 637 2131 ¹lilia
653 2052 727 2125 regis
742 2054 911 2126 llaythonis,
926 2054 1019 2125 nupsit
1028 2053 1108 2125 Sept.
1120 2072 1148 2107 12
1152 2073 1186 2125 54
1200 2055 1390 2109 Bohemundo
1404 2054 1453 2121 vl,
1467 2055 1628 2127 Euphemia

328 2128 420 2197 (1252t
433 2125 544 2180 luliano
558 2124 730 2180 sidoniensi.

417 2251 435 2273 ‚.
482 2202 591 2263 Martio
611 2223 644 2282 3¹
666 2201 738 2262 ibid.
754 2237 796 2245 —
815 2203 897 2263 ldem
916 2202 1015 2263 eidem
1035 2203 1166 2272 mandat,
1188 2220 1219 2263 ut
1229 2203 1481 2264 constitutionem
1493 2204 1531 2264 de
1546 2219 1629 2265 certo

327 2293 548 2352 canonicorum
571 2311 702 2352 numero
719 2294 755 2351 ab
772 2291 847 2352 olim
864 2292 1011 2373 episcopo
1028 2290 1197 2353 Guillelmo
1214 2293 1415 2353 Anteradensi
1426 2293 1540 2353 editam
1554 2312 1629 2354 con·

328 2381 427 2441 lirmet
444 2380 526 2455 libid.
543 2381 603 2443 Nn.
625 2382 725 2459 1490).

418 2516 435 2541 „
483 2470 580 2550 Aprili
603 2492 611 2530 1
634 2470 704 2530 ibid.
721 2504 764 2514 -
781 2470 863 2530 ldern
881 2470 980 2531 eidem
998 2470 1131 2543 mandat,
1155 2486 1187 2530 ut
1202 2471 1234 2531 in
1251 2470 1377 2533 ecclesia
1393 2472 1555 2532 Nazarena
1573 2491 1627 2552 pro

329 2559 436 2619 Samio
453 2559 634 2619 Guidonem
651 2560 688 2620 de
706 2560 834 2620 Paladru
852 2579 908 2638 pro
925 2558 1026 2639 priore
1044 2559 1147 2620 haberi
1165 2560 1253 2620 faciat
1269 2558 1351 2637 (ibid.
1368 2561 1429 2623 No,
1451 2562 1554 2641 ¹503l·

418 2693 434 2723 ,‚
481 2648 579 2727 Aprili
600 2668 614 2727 5
633 2648 703 2710 ibid.
720 2681 761 2691 —
780 2647 862 2708 ldem
881 2648 1028 2730 episcopo
1045 2648 1169 2709 Lidensi
1180 2649 1282 2710 scribit
1294 2665 1419 2731 propter
1436 2650 1626 2730 praebendas

254 2765 264 2783 ι
329 2738 360 2797 in
378 2737 501 2797 ecclesia
520 2736 644 2799 Lidensi
662 2753 800 2798 vacantes
817 2737 898 2813 (ibid.
916 2738 975 2797 Νο.
997 2738 1098 2817 1555).

418 2874 436 2902 .‚
486 2825 568 2901 Maio
591 2848 626 2905 tq
645 2826 715 2887 ibid.
741 2861 784 2869 —
810 2826 893 2887 Idem
921 2826 1015 2906 priori
1041 2828 1070 2888 S.
1096 2827 1257 2908 Sepulchri
1285 2827 1574 2909 Hierosolymitano
1598 2842 1627 2887 et

328 2915 546 2976 archidiacono
562 2914 773 2977 Tiberiadensi
792 2915 924 2992 mandat,
944 2932 975 2976 ut
991 2917 1141 2977 iacobum
1160 2918 1198 2978 de
1215 2916 1244 2978 S.
1264 2917 1428 2993 Quintino‚
1444 2918 1627 2978 canonicum

329 3005 534 3085 lyddensem,
552 3005 583 3064 in
601 3004 726 3065 ecclesia
739 3005 894 3086 Berytensi
912 3005 942 3064 in
959 3006 1144 3066 canonicum
1157 3006 1248 3086 recipi
1260 3005 1346 3067 faciat
1357 3002 1444 3085 (ibid.
1454 3006 1514 3067 No.
1528 3004 1627 3087 1983).

417 3140 435 3169 „
483 3093 566 3165 Maio
586 3114 623 3173 25
643 3094 714 3156 ibid.
730 3129 773 3137 -
791 3095 873 3156 ldem
897 3094 1043 3175 episcopo
1066 3095 1269 3156 Anteradensi
1293 3096 1443 3175 indulget,
1468 3116 1507 3157 ne
1524 3096 1628 3157 fratres

329 3181 495 3264 Hospitalis
512 3182 682 3263 quidquam
706 3184 762 3245 sibi
789 3184 943 3245 vindicent
964 3184 996 3243 in
1019 3183 1144 3245 ecclesia
1171 3183 1372 3245 Anteradensi
1395 3184 1513 3246 ratione
1530 3186 1627 3247 dona·

328 3270 421 3331 tionis
432 3286 460 3331 et
467 3273 693 3353 compositione
705 3273 858 3347 mirarum,
869 3289 1034 3353 antequam
1047 3274 1141 3334 Sedes
1153 3274 1330 3353 Apostolica
1340 3274 1458 3351 locum,
1471 3274 1628 3336 ecclesiam

329 3374 358 3419 et
375 3360 522 3420 diocesim
540 3356 766 3422 Rallaniensem
786 3362 985 3422 Anteradensi
1007 3362 1150 3423 ecclesiae
1167 3362 1268 3424 uniret
1284 3362 1368 3439 (ibid.
1386 3364 1446 3426 No.
1474 3383 1573 3443 ¹⁷093
1598 3364 1628 3423 in

329 3450 463 3509 eundem
488 3451 617 3511 modum
642 3452 788 3532 scriptum
812 3468 854 3511 est
878 3468 1001 3533 propter
1025 3452 1129 3512 fratres
1151 3452 1275 3532 Templi
1301 3451 1374 3512 ibid.
1392 3454 1452 3515 No.
1475 3452 1626 3527 17103cl.

331 3539 397 3599 RH.
416 3540 475 3600 No,
498 3560 577 3619 ¹329
595 3556 623 3600 ct
647 3542 746 3620 1332).

419 3672 435 3698 ‚,
482 3628 576 3688 lunio
597 3650 610 3707 5
631 3629 702 3689 ibid.
720 3664 762 3671 —
780 3630 863 3690 ldem
882 3630 1027 3712 episcopo
1040 3630 1242 3691 Anteradensi
1259 3631 1394 3708 mandet,
1404 3646 1440 3692 ut
1449 3632 1630 3710 magistrum

330 3716 511 3793 Henricum,
529 3718 714 3779 canonicum
733 3720 984 3789 Anteradensem,
999 3719 1147 3780 vicarium
1159 3718 1380 3800 archiepiscopi
1390 3720 1567 3799 Januensis,
1578 3720 1631 3801 qui

331 3824 394 3866 non
411 3808 551 3869 obstante
567 3808 713 3869 mandato
737 3810 898 3888 quondam
922 3809 1057 3890 episcopi
1081 3808 1299 3869 Attteradensis
1324 3808 1355 3869 in
1379 3810 1492 3871 eadem
1507 3810 1633 3872 ecclesia

330 3914 382 3976 per
399 3896 426 3956 X
444 3915 542 3956 annos
559 3913 627 3976 post
643 3913 868 3978 competentem
890 3897 1056 3959 terminum
1072 3899 1260 3976 assignatum
1277 3897 1408 3959 residere
1427 3918 1494 3960 non
1511 3900 1633 3977 curavit,

331 3986 502 4066 praebenda
519 3985 615 4067 privet
631 3985 714 4062 (ibid.
733 3988 793 4048 No.
817 3987 870 4047 181
884 3991 917 4066 ¹l·

929 4098 942 4125 N
