3398 5400
549 1466 971 1571 Praefatio,

212 1792 270 1873 Ex
285 1825 351 1889 quo
366 1821 506 1888 tempore
523 1806 698 1868 Fridericus
715 1806 882 1868 Willreuus
901 1804 979 1867 illud
1003 1805 1174 1866 maximum
1190 1820 1220 1866 et
1236 1803 1412 1887 praeclaris-

105 1915 221 1975 simum
237 1933 328 1998 opus,
346 1914 433 1994 quod
451 1913 643 1975 inscribitur:
661 1913 846 1977 Geschichte
864 1914 919 1975 der
934 1914 1117 1993 Kreuzztlge
1134 1910 1270 1995 (Leipzig
1286 1912 1412 1978 1807-

111 2023 203 2102 1832,
222 2042 239 2089 7
257 2019 331 2083 voll.
349 2021 396 2098 8⁰)
421 2019 528 2099 edidit,
544 2020 700 2083 bellorum
716 2039 875 2082 sacrorum
893 2018 1029 2098 historia,
1046 2038 1126 2101 quae
1142 2020 1192 2081 vel
1207 2017 1412 2101 amplitudine

104 2126 154 2189 vel
178 2128 320 2190 doctrina
343 2127 483 2190 Willreni
505 2126 621 2189 librum
643 2129 871 2212 aequipararet,
895 2127 1069 2209 conscripta
1093 2145 1158 2189 non
1182 2140 1237 2203 est,
1261 2144 1334 2186 nam
1356 2125 1413 2186 viri

105 2236 187 2297 docti
212 2255 293 2318 opus
316 2251 377 2296 tam
402 2236 536 2298 arduum
558 2252 588 2297 et
603 2235 729 2298 difficile
751 2237 790 2298 de
814 2254 898 2297 novo
922 2235 1112 2297 ordiendum
1136 2250 1165 2295 et
1188 2232 1413 2315 perficiendum

106 2342 377 2423 perhorrescentes
393 2343 464 2404 satis
481 2342 668 2422 habuerunt,
685 2358 765 2405 certa
781 2344 937 2426 quaedam
952 2359 1131 2424 temporum
1147 2341 1244 2424 spatia
1255 2341 1302 2401 vel
1313 2355 1413 2421 partes

104 2449 216 2511 libellis
239 2465 268 2510 et
291 2449 557 2512 dissertationibus
579 2450 751 2513 accuratius
773 2466 910 2528 tractare,
934 2449 1050 2531 quibus
1075 2449 1227 2510 bellorum
1254 2465 1413 2509 sacrorum

106 2555 242 2617 historici
259 2555 353 2618 futuri
371 2571 508 2635 utantur,
525 2558 612 2638 regni
629 2578 703 2620 vero
713 2557 989 2640 Hierosolymitani
1007 2556 1166 2618 historiam
1183 2554 1414 2637 diplomaticam

107 2682 234 2743 prorsus
251 2664 463 2743 neglexerunt.
491 2665 595 2745 ltaque
612 2684 679 2727 rem
694 2664 812 2746 jamdiu
829 2665 1032 2727 desideratam
1049 2683 1108 2725 nos
1124 2662 1244 2724 efficere
1262 2680 1414 2725 conamur

105 2769 156 2847 ita,
174 2785 207 2830 ut
222 2768 299 2831 liber
315 2786 420 2833 noster
436 2771 469 2832 in
485 2772 612 2833 historia
628 2772 699 2834 dicti
709 2773 798 2854 regni
810 2773 990 2835 illustranda
1000 2772 1138 2833 eundem
1148 2771 1253 2832 locum
1265 2768 1412 2848 obtineat,

106 2895 201 2956 quem
214 2876 296 2938 illius
306 2877 453 2939 Friderici
464 2878 612 2940 Bbhmeri
622 2880 752 2960 Regesta
764 2879 884 2961 imperii
902 2878 934 2941 in
951 2878 1078 2940 historia
1093 2877 1215 2961 imperii
1231 2875 1413 2939 illustranda

106 2983 256 3045 obtinent.
289 2983 450 3047 Vellemus
466 3005 577 3048 eorum
594 2985 727 3048 formam
748 3004 777 3048 et
793 2987 1031 3070 dispositionem
1054 2985 1166 3047 imitari
1190 2984 1334 3061 licuisset,
1358 2983 1412 3044 sed

106 3108 179 3151 cum
201 3089 337 3171 spatium
361 3091 489 3173 perdere
512 3092 670 3155 nollemus
692 3112 828 3176 cumque
852 3093 1000 3177 epistulae
1024 3108 1053 3156 et
1074 3094 1196 3154 chartae
1220 3111 1285 3153 non
1309 3090 1413 3152 solum

106 3218 267 3281 paparum,
275 3200 851 3285 patriarcharum,archiepiscoporum,
862 3199 1413 3284 episcoporum,abbatum,0rdinum

106 3307 298 3387 equestrium
315 3309 535 3390 magistromm
550 3330 585 3373 ac
601 3311 740 3390 fratrum,
757 3311 811 3373 sed
828 3311 921 3372 etiam
936 3309 1170 3393 imperatorum,
1188 3327 1309 3388 regum,
1327 3307 1412 3389 prin-

106 3414 222 3495 cipum,
247 3415 409 3497 comitum,
432 3419 599 3497 nobilium,
623 3419 801 3498 consulum,
824 3435 1033 3500 quaecunque
1049 3417 1088 3478 ad
1104 3416 1264 3478 historiam
1287 3416 1413 3477 illorum

106 3535 284 3603 temporum
311 3524 476 3604 pertinent,
502 3540 564 3587 tam
588 3525 689 3588 variae
712 3541 825 3587 ettam
849 3525 963 3587 multae
987 3524 1058 3602 sint,
1081 3539 1125 3604 ut,
1149 3523 1174 3585 si
1197 3522 1252 3584 has
1275 3522 1414 3602 singulas

106 3628 418 3708 coordinavissemus,
443 3647 506 3694 tota
529 3633 656 3695 materia
679 3633 712 3694 in
735 3633 921 3714 plusquam
946 3632 1055 3693 decern
1079 3645 1180 3713 partes
1196 3629 1292 3691 divisa
1308 3629 1412 3710 itaque

106 3735 199 3796 nimis
215 3736 366 3819 discerpta
382 3754 472 3819 esset,
489 3760 611 3803 merum
630 3740 889 3821 chronologicum
904 3740 1047 3801 ordinem
1059 3738 1149 3820 sequi
1159 3738 1337 3817 maluimus,
1347 3755 1413 3818 quo

106 3841 157 3903 alii
173 3861 312 3924 quoque,
329 3846 384 3925 qui
401 3847 532 3928 Regesta
555 3848 731 3926 ediderunt,
755 3848 803 3910 usi
818 3863 901 3910 sum.
933 3846 1137 3928 Quamquam
1155 3867 1194 3908 ne
1211 3846 1326 3908 horum
1342 3844 1412 3926 qui-

106 3951 178 4010 dem
197 3951 375 4033 exemplum
394 3973 430 4015 ex
447 3953 535 4015 omni
552 3969 637 4035 parte
652 3954 851 4035 sequendum
867 3973 932 4015 esse
955 3953 1129 4016 statuimus.
1163 3951 1305 4014 Primum
1328 3952 1413 4014 enim

105 4057 203 4119 latino
218 4077 364 4121 sermone
380 4061 499 4124 utimur
514 4080 581 4123 non
596 4076 669 4140 tam,
680 4061 768 4143 quod
778 4061 900 4123 chartae
916 4078 945 4123 et
961 4061 1109 4143 epistulae
1126 4059 1259 4122 maxima
1276 4080 1313 4121 ex
1329 4075 1412 4142 parte

104 4163 201 4227 latine
224 4168 415 4252 conscriptae
437 4184 521 4249 sunt,
545 4189 641 4250 quam
664 4172 750 4252 quod
775 4190 824 4232 res
846 4190 909 4247 eae,
933 4189 1014 4252 quae
1034 4168 1072 4231 iis
1087 4168 1299 4247 continentur,
1322 4187 1413 4251 saepe

107 4292 173 4337 non
198 4274 271 4336 satis
293 4292 432 4339 accurate
455 4275 487 4338 in
510 4277 599 4339 aliam
623 4277 764 4358 linguam
781 4277 918 4340 converti
935 4292 1078 4357 possunt.
1112 4276 1234 4339 Deinde
1251 4276 1369 4337 chartas
1384 4292 1413 4338 et

106 4382 253 4464 epistulas
273 4384 373 4445 multo
396 4383 585 4464 diligentius,
601 4404 696 4466 quam
709 4386 786 4448 ,alias
801 4385 867 4450 lieri
883 4385 972 4463 solet,
989 4385 1198 4469 excerpsimus
1214 4400 1244 4447 et
1259 4384 1412 4447 annotati·

107 4489 231 4569 onibus,
248 4508 329 4569 quae
346 4490 534 4573 explicandis
557 4493 650 4553 rebus
672 4492 855 4572 inserviunt,
878 4492 1101 4556 illustravimus
1124 4492 1260 4573 citantes,
1278 4512 1359 4574 quae
1374 4494 1413 4553 ab

106 4596 171 4657 aliis
187 4596 259 4658 viris
276 4597 374 4660 doctis
390 4599 438 4660 vel
454 4619 471 4660 a
488 4598 579 4661 nobis
595 4598 669 4682 ipsis
685 4600 751 4661 aliis
766 4599 844 4662 locis
859 4602 898 4663 nd
914 4617 1134 4682 argumentum
1151 4601 1335 4683 pertinentia
1351 4599 1412 4682 jam

107 4704 264 4785 proposita
280 4720 362 4766 sunt.
388 4705 573 4768 chartarum
590 4725 664 4768 vero
681 4721 710 4768 et
725 4707 928 4789 epistularum
944 4706 1099 4769 delectum
1115 4708 1329 4770 adhibendum
1347 4728 1412 4771 esse

107 4810 300 4892 putavimus,
330 4813 449 4874 namsi
474 4832 586 4876 omnes
611 4834 678 4893 eas,
710 4814 825 4894 quibus
849 4834 967 4877 nomen
989 4814 1037 4876 vel
1058 4813 1120 4877 loci
1142 4814 1274 4897 alicujus
1298 4815 1413 4878 Terrae

107 4918 235 4981 Sanctae
251 4921 300 4983 vel
316 4921 416 4983 clerici
440 4921 608 5002 militisque
625 4922 657 4983 in
674 4942 709 4984 ea
732 4922 889 4984 constituti
913 4937 1115 5001 memoratur,
1138 4923 1412 5004 congessissemus,
