3398 5400
599 363 680 436 regni
692 362 954 437 Hierosolymimni.
1365 391 1426 451 293

123 593 244 655 domini
267 594 305 655 de
329 595 487 677 Sydonya,
510 614 617 656 versus
639 610 779 656 austrum
802 595 835 655 in
859 592 961 655 rivulo
984 592 1017 654 in
1037 613 1120 654 mare
1137 593 1274 673 fluente),
1301 616 1331 661 7.
1349 594 1428 677 petia

122 699 219 745 terrae
235 683 314 744 circa
328 684 369 745 XI
385 704 485 745 annos
501 700 613 745 vastata
629 703 715 745 nunc
731 683 764 745 in
780 684 902 745 vineam
919 683 1018 765 posita
1034 699 1063 743 et
1078 684 1212 765 plantata
1226 684 1317 765 (quae
1328 684 1429 745 firmat

122 793 229 835 versus
252 773 404 835 orientem
428 774 460 835 in
483 773 594 851 rivulo,
612 774 667 854 qui
689 773 833 834 discurrit
848 772 927 834 inter
943 773 1079 834 Venetos
1096 786 1126 833 et
1141 792 1247 852 regern
1263 772 1346 850 juxta
1361 774 1428 835 bal-

123 882 219 925 neum
243 863 358 923 dictum
383 863 529 942 Saladini‚
553 883 660 924 versus
683 863 877 924 occidentem
901 862 933 923 in
956 862 1003 923 via
1027 862 1159 944 publica,
1184 882 1263 943 quae
1287 863 1430 925 discurrit

124 952 202 1013 inter
218 953 354 1013 Venetos
370 968 400 1013 et
415 953 538 1013 vineam
554 953 690 1034 Templi,
714 971 822 1013 versus
845 952 1088 1033 septentrionem
1113 951 1145 1012 in
1166 951 1252 1012 terris
1268 953 1358 1032 regis,
1375 953 1430 1014 ubi

124 1041 193 1103 facit
215 1061 320 1118 aram,
344 1061 451 1102 versus
473 1058 613 1103 austrum
634 1041 667 1102 in
682 1042 772 1103 vinea
788 1040 911 1104 Susiani
928 1039 1076 1122 Josephi),
1103 1042 1132 1102 8.
1151 1041 1208 1102 alia
1226 1042 1306 1122 petia
1322 1058 1428 1121 terrae,

123 1132 177 1193 ubi
193 1131 269 1192 olim
288 1131 344 1192 fuit
361 1132 470 1192 hortus
493 1131 583 1212 [quae
600 1131 692 1192 habet
708 1131 853 1192 barchilia
870 1132 1033 1208 destructa,
1058 1130 1112 1191 ubi
1129 1130 1330 1210 colligebatur
1349 1152 1431 1213 aqua

123 1240 180 1303 pro
203 1221 371 1300 irrigand0‚
396 1234 426 1282 et
448 1219 548 1281 firmat
571 1240 677 1282 versus
702 1221 855 1282 orientem
881 1220 913 1281 in
936 1236 1023 1297 terra,
1047 1239 1127 1300 quae
1151 1219 1207 1281 fuit
1230 1220 1337 1282 Homo
1360 1221 1429 1301 Dei,

123 1309 238 1371 scribae
262 1309 352 1389 regis,
377 1330 483 1371 versus
507 1311 699 1372 occidentem
723 1310 755 1371 in
779 1310 826 1371 via
850 1309 983 1391 publica,
1008 1329 1114 1370 versus
1137 1311 1381 1391 septentrionem
1398 1311 1430 1372 in

122 1399 222 1479 vinea,
240 1419 320 1480 quae
336 1414 382 1460 est
398 1419 482 1461 nunc
494 1399 647 1476 Rainaldi,
665 1399 769 1460 militis
780 1400 818 1460 de
828 1400 961 1480 Empam
974 1396 1151 1480 [Emperas],
1167 1419 1273 1461 versus
1289 1415 1429 1462 austrum

124 1490 156 1551 in
173 1489 265 1551 horto
282 1488 312 1551 S.
325 1489 442 1565 Marci).
463 1490 662 1564 Casalium,
674 1509 753 1570 quae
764 1508 933 1551 commune
943 1488 1088 1570 possidet,
1100 1488 1236 1569 primum
1246 1503 1291 1550 est
1301 1488 1429 1568 Batiole,

123 1580 161 1640 ad
178 1580 264 1660 quod
281 1578 413 1659 pertinet
429 1579 547 1658 gastina
571 1581 724 1656 Mensura,
749 1598 828 1659 quae
852 1577 951 1639 estin
975 1593 1124 1640 montana
1146 1598 1254 1640 versus
1277 1579 1429 1641 orientem

124 1667 230 1745 (casale
247 1687 320 1729 vero
337 1683 367 1728 et
382 1669 500 1746 gastina
511 1667 612 1730 firmat
628 1668 660 1729 in
676 1669 853 1729 summitate
869 1684 1036 1729 montanae
1053 1667 1085 1728 in
1102 1667 1181 1748 petia
1198 1683 1295 1729 terrae
1311 1669 1430 1730 arabice

123 1773 247 1820 vocatae
271 1757 465 1837 Galleharge,
490 1777 596 1819 versus
620 1757 814 1819 occidentem
837 1758 871 1818 in
894 1757 981 1834 mari,
1004 1776 1111 1817 versus
1133 1757 1377 1838 septentrionem
1398 1758 1430 1819 in

123 1846 235 1926 rivul0,
252 1847 307 1928 qui
324 1846 466 1908 discurrit
489 1848 527 1908 de
552 1847 708 1907 montanis
724 1849 783 1908 sub
800 1861 906 1929 ponte,
923 1846 978 1927 qui
996 1846 1107 1907 dicitur
1123 1865 1204 1927 pons
1219 1847 1306 1928 Tyri,
1323 1868 1430 1909 versus

123 1951 265 1998 austrum
284 1936 316 1997 in
334 1952 453 2015 monte,
477 1936 556 1998 sicut
578 1956 659 2016 aqua
682 1937 825 1997 discurrit
840 1957 856 1996 a
874 1936 1035 1997 cacumine
1052 1935 1177 2012 montis,
1194 1937 1283 2016 quod
1299 1953 1343 1999 est
1359 1937 1430 1999 dicti

124 2025 239 2107 casalis,
257 2041 287 2087 et
303 2026 401 2107 pergit
418 2044 518 2107 usque
535 2027 714 2087 adsalutem
726 2023 894 2105 lrdi[sicl]).
912 2025 947 2087 ln
957 2025 1040 2087 dicto
1050 2026 1140 2086 casali
1151 2042 1224 2086 sunt
1232 2025 1291 2087 XX
1301 2046 1430 2106 carugae

123 2116 313 2177 rusticorum
330 2129 361 2176 et
376 2130 459 2176 tanta
476 2131 554 2177 terra
578 2132 623 2176 est
645 2114 812 2192 sufficiens,
837 2134 916 2195 quae
939 2131 1077 2176 remanet
1100 2134 1156 2196 pro
1179 2116 1323 2196 sequenti
1346 2136 1431 2178 anno

124 2205 317 2284 seminanda,
342 2225 436 2285 quam
460 2206 616 2286 appellant
638 2220 738 2284 garet;
765 2205 960 2287 praepositus
983 2204 1089 2265 casalis
1117 2218 1246 2266 vocatur
1270 2206 1429 2283 gastaldio,

124 2295 307 2356 Secundum
331 2309 377 2355 est
402 2293 546 2356 Mahallie
570 2294 602 2355 in
625 2294 783 2356 montanis
806 2294 900 2355 situm
924 2293 1021 2373 (quod
1044 2293 1144 2354 firmat
1168 2294 1200 2355 in
1223 2294 1375 2356 orientem
1398 2296 1431 2356 in

123 2385 219 2445 casale
236 2384 316 2463 regis
327 2383 492 2466 Sahaphie,
504 2404 610 2446 versus
621 2383 816 2445 occidentem
833 2385 865 2445 in
882 2384 979 2445 casale
989 2382 1144 2461 Zacharie,
1155 2384 1242 2463 quod
1253 2400 1298 2446 est
1308 2384 1429 2446 domini

124 2473 273 2535 Johannis
299 2474 407 2551 Dasce,
434 2493 539 2534 versus
564 2474 808 2556 septentrionem
841 2473 873 2534 in
898 2473 994 2533 casale
1018 2473 1098 2552 regis
1125 2473 1291 2554 Melequie,
1322 2494 1430 2535 versus

124 2578 264 2625 austrum
280 2563 314 2623 in
330 2564 437 2639 casale,
460 2563 547 2644 quod
564 2563 694 2624 feudum
711 2583 728 2623 a
744 2562 871 2623 Venetis
888 2581 945 2643 pro
962 2582 1059 2624 uxore
1075 2582 1131 2623 sua
1147 2561 1348 2625 Guillielmus
1363 2564 1431 2625 Jor-

124 2652 211 2713 danis
235 2651 346 2731 habet),
370 2652 404 2713 in
428 2672 493 2732 quo
516 2667 590 2714 sunt
606 2653 672 2714 Vlll
689 2671 819 2731 carugae
841 2652 1029 2713 rusticorum
1053 2651 1101 2728 (de
1125 2651 1239 2732 quibus
1262 2667 1307 2712 est
1330 2652 1431 2714 media

125 2760 234 2803 caruca
257 2741 361 2820 libera,
388 2756 437 2802 «et
459 2755 628 2823 postquam
650 2742 891 2817 seminaverunt,
915 2742 1030 2802 habent
1051 2755 1134 2801 tanta
1149 2756 1227 2802 terra
1245 2739 1318 2821 [sic],
1336 2761 1432 2822 quam

125 2831 281 2912 appellant
304 2831 408 2910 Garet,
432 2851 512 2912 quae
536 2830 671 2892 officimr
694 2831 862 2892 Mazaticha
887 2849 943 2911 pro
959 2829 1103 2911 sequenti
1119 2831 1246 2909 annoal.
1278 2831 1325 2892 De
1340 2832 1432 2893 tertio

126 2921 214 2982 casali
240 2921 350 2982 Hanoe
373 2919 510 3002 Templo
534 2921 663 2982 Domini
686 2934 760 2981 sunt
782 2920 804 2980 ll
822 2936 930 3001 partes,
948 2919 1074 2981 Venetis
1090 2939 1162 2997 una,
1187 2920 1220 2981 in
1237 2939 1302 2999 quo
1318 2921 1432 2983 suntll

124 3009 268 3071 homines
284 3029 396 3071 eorum
408 3012 533 3071 Memur
549 3025 579 3071 et
590 3010 743 3089 Hagined.
762 3009 920 3084 Quartum
931 3010 1027 3071 casale
1039 3009 1211 3091 appellatur
1220 3010 1432 3074 Theiretenne

125 3098 221 3179 (quod
232 3099 296 3179 regi
309 3099 331 3160 ll
348 3114 459 3181 partes,
470 3100 599 3161 Venetis
616 3099 729 3160 lsolvit
745 3115 775 3160 et
784 3097 885 3160 firmat
896 3099 928 3160 in
939 3100 1093 3161 orientem
1104 3099 1135 3160 in
1146 3099 1236 3160 casali
1247 3101 1430 3180 Maharone,

125 3189 212 3268 quod
229 3188 429 3250 Guillielmus
444 3188 598 3251 Jordanus
615 3190 706 3250 habet
723 3188 863 3268 feodum,
888 3189 920 3250 in
944 3188 1138 3250 occidentem
1161 3189 1272 3269 partim
1293 3189 1326 3250 in
1342 3190 1432 3252 casali

124 3277 204 3358 regis
221 3279 245 3340 F
247 3278 325 3356 ocai,
343 3278 453 3358 partim
477 3278 510 3339 in
529 3279 618 3340 casali
635 3278 732 3341 Zobie
749 3293 779 3339 et
795 3279 906 3360 partim
922 3278 955 3338 in
971 3277 1061 3338 casali
1078 3277 1267 3357 Farachiem‚
1283 3280 1370 3359 quod
1387 3294 1432 3341 est

124 3367 353 3429 Bartholomaei
370 3368 469 3448 Caym
481 3368 503 3446 2)
527 3367 642 3447 militis,
660 3388 766 3429 versus
783 3368 1028 3449 septentrionem
1046 3367 1080 3428 in
1096 3366 1186 3428 casali
1202 3368 1432 3430 Bartholomaei

125 3456 207 3536 dicti,
224 3458 312 3537 quod
328 3472 457 3518 vocatur
473 3457 575 3519 Caffar
591 3459 629 3519 de
646 3458 723 3535 bael,
741 3458 774 3518 in
797 3457 887 3518 casali
903 3457 1042 3536 Thoglif,
1059 3457 1146 3537 quod
1165 3458 1328 3518 Rolandus
1345 3459 1432 3520 Con-

125 3561 250 3608 tarenus
267 3547 397 3609 feudum
414 3568 430 3607 a
447 3546 575 3608 Venetis
597 3563 690 3626 tenet,
714 3547 747 3607 in
770 3561 911 3608 austrum
934 3547 967 3607 in
990 3545 1081 3607 casali
1097 3546 1177 3625 regis
1193 3546 1300 3626 Aiffit),
1318 3547 1433 3628 inquo

125 3650 199 3697 sunt
222 3636 277 3697 Xll
300 3636 471 3715 homliges:
498 3636 581 3719 Rays
604 3637 694 3715 Sade,
717 3637 800 3718 Rays
822 3635 1013 3713 Haindoule,
1036 3637 1119 3718 Rays
1143 3637 1266 3715 Meged,
1290 3637 1432 3718 Meiram,

124 3726 248 3807 Braym,
269 3725 351 3803 Seid,
377 3726 546 3804 Mahomet,
571 3726 672 3805 Helel,
696 3727 787 3787 Habd
811 3725 1018 3806 el-raginam,
1042 3726 1154 3805 Selem,
1179 3726 1246 3787 Nor
1268 3725 1431 3806 el-doule,

124 3816 275 3896 Baraque.
310 3814 466 3890 Quintum
491 3816 587 3877 casale
610 3832 654 3877 est
677 3815 826 3876 Homeire
850 3815 947 3896 <quod
971 3814 1071 3875 firmat
1092 3834 1198 3876 versus
1222 3816 1374 3876 orientem
1399 3815 1432 3877 in

125 3905 214 3965 casali
231 3904 421 3983 Dordochie‚
445 3924 552 3966 versus
569 3905 763 3967 occidentem
780 3906 813 3966 in
829 3905 918 3966 casali
935 3903 1041 3982 Soaffi,
1059 3905 1146 3984 quod
1162 3905 1326 3966 Rolandus
1342 3906 1432 3967 Con-

124 4010 249 4056 tarenus
266 3994 395 4057 feodum
412 3994 514 4071 habet,
531 4013 638 4055 versus
655 3994 899 4076 septentrionem
917 3994 948 4054 in
965 3992 1055 4054 casali
1071 3993 1272 4072 Tahirefelse‚
1283 3994 1371 4076 quod
1388 4009 1432 4057 est

124 4083 215 4163 regis,
232 4103 339 4145 versus
356 4099 495 4145 austrum
513 4084 545 4145 in
562 4083 651 4144 casali
668 4085 791 4162 Maron,
809 4083 894 4164 quod
918 4102 1003 4145 nunc
1019 4098 1066 4144 est
1081 4081 1146 4144 lilio
1163 4083 1319 4146 Guidonis
1337 4083 1432 4146 Scan-

125 4172 278 4251 dalionis),
290 4173 398 4253 inquo
414 4188 488 4235 sunt
504 4173 624 4235 rustici:
642 4173 841 4255 Raysiuegid,
852 4173 994 4251 Couaha,
1012 4172 1208 4235 Habdeluaif.
1234 4173 1281 4234 De
1298 4172 1431 4253 feudis,

126 4282 205 4342 quae
229 4264 323 4324 duces
340 4263 535 4325 Venetorum
552 4277 781 4340 concesserunt,
804 4277 1029 4323 enumerantur
1053 4263 1144 4322 haec:
1174 4260 1312 4343 primum
1335 4262 1433 4324 casale

126 4352 278 4431 Dairram,
295 4352 383 4433 quod
399 4367 444 4413 est
459 4353 551 4415 Vitali
568 4352 747 4415 Pantaleoni
759 4353 842 4414 dicto
853 4351 1032 4431 Maluisin0,
1050 4351 1114 4413 filio
1130 4351 1281 4412 Johannis
1296 4351 1433 4413 Pantalei

126 4442 164 4503 de
181 4441 320 4504 confinio
337 4442 367 4503 S.
385 4442 498 4503 Juliani
514 4443 551 4504 de
568 4442 707 4520 Venetia,
725 4458 754 4504 et
771 4441 871 4503 firmat
890 4461 998 4503 versus
1021 4441 1173 4503 orientem
1190 4439 1223 4502 in
1240 4440 1329 4503 casali
1352 4440 1433 4521 regis

125 4531 301 4612 Zebiquim,
319 4532 406 4611 quod
430 4531 488 4593 fuit
509 4532 547 4593 de
565 4532 660 4593 feudo
677 4533 775 4593 Dame
792 4531 896 4594 Guide
912 4531 1100 4608 Contarene,
1116 4549 1224 4592 versus
1240 4530 1434 4593 occidentem

126 4621 159 4682 in
175 4636 255 4682 terra
271 4620 376 4682 casalis
393 4621 417 4681 F
420 4621 557 4701 econiae,
569 4623 656 4702 quod
668 4621 726 4683 fuit
742 4622 780 4683 de
798 4621 904 4700 feudo,
918 4621 1005 4702 quod
1022 4621 1130 4682 eadem
1146 4621 1236 4681 dame
1253 4620 1361 4699 tenuit,
1379 4621 1431 4682 sed

200 4780 222 4845 ²)
242 4775 335 4832 Alias:
355 4775 499 4831 Bertelme
513 4776 615 4849 Caym,
629 4775 733 4849 Chayn
745 4776 773 4846 (†
790 4794 798 4831 1
816 4777 877 4831 Jan.
895 4777 983 4846 1266),
1000 4774 1080 4848 cujus
1093 4774 1269 4849 epitaphium
1283 4775 1434 4833 ediderunt

127 4848 223 4919 Prntz,
236 4849 296 4903 llus
311 4846 496 4918 Phoenizien,
509 4865 536 4920 p.
553 4847 619 4920 336;
639 4847 674 4903 cf.
690 4865 831 4925 343-344
843 4860 871 4904 et
884 4847 1035 4904 Clermont
1052 4848 1191 4903 Ganneau
1205 4847 1234 4903 iu
1247 4847 1383 4905 Archives
1397 4848 1433 4906 de

125 4918 248 4976 l'Orient
259 4918 329 4977 latin
342 4919 364 4973 ll
372 4920 407 4987 A,
420 4935 447 4991 p.
459 4920 611 4994 459-460.
