3398 5400
276 363 338 428 240
836 338 1010 414 Regesta

1338 434 1579 446 ........--.--

335 558 423 621 1217
440 563 506 624 lan.
523 596 567 605 —
582 563 749 641 lohannes,
767 583 818 624 rex
835 563 1149 645 Hierosolymitanus,
1166 562 1268 643 sigillo
1284 562 1456 641 confirmat,
1475 582 1580 624 coram

274 651 342 732 ipso
367 652 546 729 Beatricem,
573 653 736 733 quondam
761 653 881 714 comitis
906 653 1046 715 locellini
1073 652 1177 729 liliam,
1204 674 1220 713 a
1247 653 1357 714 marito
1382 672 1441 714 suo
1466 653 1580 714 comite

273 740 400 802 Othone
415 742 435 817 ¹)
452 756 685 822 procuratorem
702 742 871 803 institutam
896 743 1027 803 domum
1052 741 1221 823 Hospitalis
1244 741 1373 823 ejusque
1397 742 1579 822 magistrum

274 830 428 892 Garinum
445 831 482 891 de
501 832 609 892 Monte
626 847 717 893 acuto
733 852 750 891 a
767 831 916 912 petitione
937 832 1043 893 casalis
1060 831 1211 893 Manueth
1229 832 1395 892 absolvisse
1418 848 1448 893 et
1469 831 1579 893 domui

273 920 415 981 donasse.
439 954 483 962 -
505 921 711 981 Boamundus
734 920 785 999 lV,
810 921 953 1003 princeps
975 921 1158 983 Antiochiae
1181 937 1210 981 et
1233 940 1339 982 comes
1354 921 1578 1002 Tripolitanos,

273 1009 458 1090 Radulphus
468 1010 506 1070 de
516 1009 689 1088 Tiberiade,
700 1010 787 1090 regni
798 1011 1000 1090 senescalcus,
1011 1011 1144 1072 lacobus
1154 1011 1176 1087 ²)
1194 1010 1407 1089 marescalcus,
1424 1010 1580 1072 Gauterus

274 1098 312 1159 de
336 1099 494 1173 Caesarea,
520 1098 593 1160 Odo
617 1098 847 1178 MontebelIO,³)
874 1099 947 1162 Gilo
973 1100 1011 1161 de
1035 1099 1171 1176 Berith0,
1197 1099 1368 1161 Gaufridus
1392 1100 1430 1161 de
1454 1100 1579 1178 Cafran,

274 1187 419 1249 Roardus
435 1188 473 1248 de
490 1188 644 1270 Cayphas.
677 1189 792 1250 Datum
810 1208 865 1269 per
887 1208 1017 1250 manum
1033 1189 1184 1250 lobannis
1201 1189 1238 1250 de
1256 1189 1445 1269 Vindopera,
1467 1189 1578 1250 notarii

273 1276 348 1357 regii
366 1276 460 1353 (Pauli
477 1277 498 1356 l,
516 1296 545 1357 p.
559 1297 632 1358 253,
651 1279 711 1339 No.
731 1298 792 1339 212
813 1276 860 1357 [cf.
878 1298 908 1359 p.
929 1276 1017 1359 547];
1045 1279 1217 1356 ssechstein,
1235 1298 1265 1359 p.
1284 1298 1353 1353 117,
1371 1279 1432 1340 Νο.
1452 1278 1491 1358 3).
1509 1275 1580 1336 892

347 1381 368 1445 ¹)
388 1378 423 1433 de
436 1379 618 1449 Henneberg.
693 1380 716 1446 ²)
735 1379 770 1433 de
784 1379 900 1433 Durnai.
974 1384 998 1447 ⁸)
1017 1397 1068 1434 seu
1081 1380 1117 1434 de
1131 1377 1380 1435 Montebelliard0.

362 1526 381 1558 „
429 1483 516 1543 Mart.
531 1483 559 1542 8.
577 1480 727 1542 Laterani.
742 1515 785 1525 —
802 1482 965 1543 Honorius
981 1481 1017 1542 lll
1032 1482 1263 1562 Jacobossalgo,
1275 1480 1465 1562 procuratori
1483 1482 1580 1542 eccle-

273 1570 334 1632 siae
351 1571 381 1632 S.
394 1571 488 1632 Marci
500 1571 538 1632 de
548 1571 646 1652 Tyro,
664 1571 815 1650 indulget,
833 1587 867 1632 ut
886 1570 1008 1652 «lapsus
1025 1572 1079 1631 tibi
1096 1572 1244 1652 temporis
1261 1589 1326 1632 non
1344 1571 1481 1647 obsistat,
1498 1590 1580 1650 quo-

275 1662 380 1721 minus
390 1660 620 1741 possessionem
638 1680 817 1741 recuperare
828 1661 928 1721 valeas
945 1660 1088 1721 ecclesiae
1106 1661 1136 1721 S.
1147 1661 1242 1722 Marci
1253 1660 1291 1721 de
1301 1661 1389 1742 Tyro
1406 1676 1435 1720 et
1449 1659 1581 1720 aliarum

273 1769 388 1827 rerum,
412 1768 492 1829 quae
515 1769 569 1830 per
591 1749 808 1811 Innocentium
826 1750 862 1811 lll
879 1750 1036 1812 custodiae
1054 1769 1144 1811 causa
1168 1749 1321 1827 (Simoni),
1345 1748 1580 1830 archiepiscopo

272 1839 417 1921 Tyrensi,
433 1839 602 1919 assignatae
620 1839 755 1917 luerunt,
780 1858 853 1900 nam
870 1839 952 1900 dicto
976 1839 1210 1921 archiepiscopo
1227 1857 1284 1920 pro
1301 1858 1393 1899 causa
1410 1838 1579 1899 necessaria

277 1947 362 1989 nuuc
384 1930 508 1989 absente
533 1928 565 1988 in
588 1927 829 2009 praesentiarum
847 1929 875 1990 ei
891 1928 1037 2008 assignari
1062 1948 1127 1989 non
1150 1928 1247 2009 possit
1269 1929 1377 1988 eadem
1401 1928 1576 2009 possessio»

273 2017 430 2094 (Pressutti
453 2017 475 2095 l,
501 2017 562 2078 No,
586 2019 672 2097 405).
695 2012 704 2099 ll
727 2017 812 2078 ldem
839 2039 857 2085 7
883 2016 955 2096 Maj.
986 2019 1065 2079 1218
1093 2017 1285 2096 (Simonem),
1310 2016 1581 2098 archiepiscopum

272 2107 458 2188 Tyreusem,
475 2107 513 2168 de
533 2104 627 2184 hujus
651 2105 798 2188 epistolae
822 2122 929 2169 tenore
952 2107 1113 2168 certiorem
1138 2106 1208 2167 facit
1231 2107 1315 2183 libid.
1333 2106 1394 2167 Nu.
1418 2125 1516 2186 ¹294³
1541 2105 1579 2168 cf.

274 2196 420 2275 Potthast,
438 2196 499 2257 Nn.
518 2216 598 2276 7751
621 2211 649 2257 et
666 2216 759 2277 supra
776 2197 837 2258 No,
855 2198 941 2273 887).
1509 2194 1579 2254 893

317 2313 329 2390 (
367 2357 386 2388 ,,
432 2313 490 2372 sub
507 2310 602 2372 finem
620 2311 732 2389 Mart).
749 2313 950 2390 ——Jacobus,
975 2311 1359 2393 episcopusAcconensis,
1376 2311 1524 2390 Lutgardi
1541 2312 1579 2372 de

274 2402 387 2463 Sancto
402 2401 556 2462 Trudone
573 2416 602 2461 et
617 2402 784 2462 conventui
805 2402 843 2462 de
860 2402 990 2480 Awires,
1015 2400 1127 2479 scribit,
1144 2420 1223 2481 quae
1241 2400 1273 2461 itt
1289 2401 1418 2461 Terram
1436 2400 1579 2462 Sanctam

274 2490 523 2551 transfretaturus
545 2510 654 2571 passus
677 2490 769 2552 fuerit
785 2507 813 2552 et
830 2489 862 2551 in
879 2491 995 2572 quibus
1011 2491 1107 2551 dictae
1127 2507 1222 2551 terrae
1246 2490 1321 2551 locis
1344 2509 1467 2551 crucem
1491 2510 1579 2571 prae-

273 2579 418 2640 dicaverit
441 2578 493 2652 (St.
511 2579 631 2641 Genois
654 2579 685 2640 in
710 2581 812 2642 Nouv.
832 2578 1464 2655 111111.111’11111ε11111111111111111,
1489 2600 1517 2661 p.
1540 2599 1577 2659 33

274 2688 377 2749 —433
395 2669 542 2747 Wolters,
560 2668 669 2730 Notice
686 2669 793 2731 histor.
811 2690 864 2731 sur
880 2669 1053 2730 l'ancienne
1070 2670 1186 2750 abbaye
1202 2669 1239 2729 de
1252 2667 1360 2745 Milen,
1378 2669 1470 2730 Gand
1487 2670 1522 2730 18
1529 2688 1579 2749 53,

273 2779 303 2840 p.
327 2760 526 2838 164-1783
551 2759 704 2819 Rbhricht
727 2758 758 2820 in
783 2759 927 2820 Zeitschr.
946 2759 965 2820 l.
983 2759 1225 2837 Kirchengesch.
1249 2759 1510 2839 1891111111,
1530 2777 1579 2838 ep.

274 2853 400 2926 Accon,
418 2849 477 2908 No,
496 2847 535 2925 a).
1510 2843 1579 2905 894

362 2999 381 3030 ,,
427 2952 487 3015 Jul.
505 2974 535 3032 7,
560 2954 624 3015 ind.
643 2954 679 3016 V.
704 2954 876 3033 Anagniae.
893 2987 937 2998 —
960 2954 1123 3015 Honorius
1141 2953 1177 3014 lll
1202 2953 1343 3014 fratribus
1367 2952 1398 3014 S.
1416 2953 1578 3033 Sepulchri

273 3042 431 3124 privilegia
440 3044 478 3103 ab
488 3043 734 3104 antecessoribus
744 3043 925 3104 confirmata
936 3044 1042 3104 denuo
1053 3042 1214 3104 confirmat
1225 3042 1380 3119 (Pressutti
1391 3043 1413 3119 l,
1424 3043 1484 3103 No.
1496 3044 1554 3122 651
1569 3062 1577 3118 ;

273 3131 311 3193 cf.
329 3133 476 3211 Potthast,
497 3133 558 3194 No.
578 3152 615 3212 25
627 3134 702 3211 968,
721 3153 759 3213 25
772 3133 855 3212 992).
1509 3130 1578 3191 895

362 3293 381 3326 ,,
428 3249 488 3311 1111.
511 3269 561 3329 13.
595 3248 747 3310 Nicosiae.
773 3282 810 3292 —
838 3250 1026 3310 bertrandus
1052 3249 1090 3310 de
1116 3250 1256 3329 Margato
1280 3249 1384 3310 laudat
1409 3248 1580 3330 Hospitalis

273 3338 419 3418 magistro
436 3338 554 3400 Gariuo
571 3339 609 3399 de
628 3340 735 3399 Monte
758 3354 849 3399 111110
873 3338 1068 3419 privilegium
1094 3338 1236 3399 Renaudi
1253 3338 1416 3417 quondam
1433 3337 1497 3415 lilii,
1514 3356 1579 3417 quo

274 3429 328 3489 iste
340 3428 548 3490 moribundus
558 3427 709 3508 Hospitali
721 3428 776 3490 CC
787 3428 936 3488 bisantios
952 3428 1101 3489 annuales
1117 3441 1318 3505 concesserat,
1337 3427 1374 3487 de
1392 3427 1450 3488 illis
1466 3427 1579 3489 scilicet

274 3518 297 3579 ll
314 3515 462 3596 millibus,
475 3536 554 3597 quae
570 3517 677 3577 eadem
688 3517 803 3578 domus
813 3518 983 3578 Bertrando
993 3517 1154 3578 annuatim
1164 3516 1282 3578 solvere
1293 3531 1423 3594 tenetur,
1435 3532 1464 3577 et
1475 3535 1578 3577 coram

273 3627 344 3687 rege
362 3606 457 3688 Cypri
475 3607 612 3685 Hugone
628 3606 639 3666 l
657 3622 685 3666 et
701 3607 884 3686 Eustorgio,
909 3605 1142 3687 archiepiscopo
1166 3605 1349 3684 Nicosiensi,
1374 3605 1579 3684 sigillantibus

273 3715 397 3757 necnon
415 3714 570 3757 consensu
588 3695 727 3775 Agnetis,
744 3694 825 3757 filiae
842 3696 1012 3773 Bertrandi,
1030 3694 1160 3775 ejusque
1184 3693 1285 3755 mariti
1305 3695 1462 3777 Aymerici
1479 3694 1578 3756 Berlai

273 3784 445 3847 confirmat.
462 3819 506 3828 —
521 3785 679 3846 lohannes
696 3785 874 3866 Paphensis,
891 3784 1036 3863 magister
1051 3784 1234 3861 baldoinus,
1251 3783 1419 3862 Alduinus,
1437 3784 1579 3845 canonici

273 3874 486 3949 Nicosienses;
513 3874 667 3936 Galterius
691 3874 868 3952 Caesareae,
893 3875 980 3953 regni
998 3874 1094 3956 Cypri
1118 3872 1347 3951 conestabulus,
1371 3872 1525 3935 Galterius
1541 3874 1579 3935 de

273 3966 395 4041 Betsan,
419 3963 606 4025 Bertraudus
623 3964 661 4024 de
677 3962 832 4040 Gibeleth‚
858 3965 965 4024 Petrus
982 3963 1121 4044 Chaple),
1146 3962 1317 4023 Renaudus
1334 3961 1578 4040 Suessionensis‚

272 4054 474 4114 marescalcus
497 4053 584 4133 regni
608 4053 714 4133 Cypri,
740 4052 910 4114 Balduinus
926 4053 965 4113 de
982 4052 1076 4130 Note,
1099 4052 1230 4113 lacobus
1247 4052 1285 4112 de
1309 4052 1420 4113 Riveth
1445 4052 1540 4130 (Pauli
1558 4052 1578 4129 l,

272 4162 303 4223 p.
326 4163 446 4204 tta—t
460 4162 507 4222 13,
524 4142 584 4206 No,
607 4143 681 4216 too;
707 4141 744 4203 cf.
763 4142 911 4203 Archives
927 4142 965 4203 de
982 4141 1115 4202 l'Orient
1130 4141 1204 4202 latin
1222 4140 1245 4201 ll
1253 4146 1292 4220 A,
1310 4160 1339 4221 p.
1360 4141 1444 4218 216).
1510 4139 1580 4200 896

361 4302 380 4334 ,,
426 4262 508 4336 Aug.
527 4258 556 4318 6.
582 4256 747 4318 Ferentini.
765 4290 808 4300 -
825 4256 988 4318 Honorius
1005 4256 1041 4316 lll
1065 4255 1197 4335 Simoni,
1221 4255 1321 4315 abbati
1345 4256 1462 4317 montis
1486 4256 1580 4335 Sinai,

272 4346 384 4423 scribit,
399 4366 431 4407 se
448 4346 546 4407 dictae
557 4346 701 4407 ecclesiae
712 4346 925 4427 possessiones
936 4345 968 4407 in
979 4345 1203 4427 protectionem
1214 4343 1397 4424 suscepisse,
1409 4365 1579 4426 earumque

273 4436 305 4497 in
327 4454 460 4497 numero
483 4450 572 4496 vocat
595 4451 734 4496 montem
760 4435 843 4496 Sinai
867 4451 896 4496 et
920 4433 1144 4496 monasterium
1167 4433 1197 4495 S.
1217 4433 1331 4495 Mariae
1355 4433 1386 4494 in
1410 4434 1477 4511 ejus
1501 4435 1579 4516 pede

271 4526 376 4603 situm,
400 4525 513 4587 deinde
536 4525 602 4585 loca
626 4525 747 4602 Roboe,
768 4524 876 4602 Fucra,
893 4524 992 4603 Liiah,
1010 4525 1157 4606 Raython
1174 4542 1245 4584 cum
1262 4521 1428 4603 palmariis,
1453 4524 1579 4586 interra

273 4615 407 4697 Aegypti
424 4614 537 4676 domos
553 4628 583 4674 et
600 4630 681 4674 extra
698 4613 851 4674 civitatem
865 4612 980 4675 «casale
997 4612 1080 4691 juxta
1096 4632 1180 4674 mare
1191 4614 1320 4673 rubrum
1333 4612 1441 4673 decem
1453 4613 1579 4675 miliaria

272 4719 369 4765 terrae
400 4703 499 4764 Faran
529 4721 600 4764 cum
628 4702 715 4764 terris
738 4718 766 4764 et
787 4702 942 4783 palmeriis
965 4701 1063 4780 ejus»,
1088 4700 1291 4763 Alexandriae
1315 4702 1525 4764 obedientiam
1548 4702 1578 4764 S.

274 4793 433 4855 Michaelis
456 4808 485 4853 et
508 4792 676 4853 libertatem
701 4791 734 4852 in
757 4792 833 4853 mari
855 4807 885 4853 et
900 4808 988 4869 terra,
1013 4792 1045 4853 in
1061 4792 1138 4853 valle
1156 4791 1275 4873 Moysis
1291 4790 1396 4852 vineas
1412 4808 1442 4853 et
1457 4793 1578 4871 oliveta,

272 4883 356 4967 apud
375 4884 515 4944 Montem
533 4881 666 4963 regalem
684 4881 806 4963 domos,
819 4880 1009 4960 molendina,
1019 4881 1124 4943 vineas
1134 4896 1163 4942 et
1174 4880 1295 4960 oliveta,
1307 4880 1339 4941 in
1351 4880 1452 4944 Craco
1463 4881 1579 4945 Montis
