3398 5400
662 327 741 397 regni
755 327 1015 401 Hierosolymitani.
1460 347 1493 403 75

195 406 209 411 -
233 405 526 412 .-—-—.--—-

195 532 232 591 ab
249 530 321 610 ipsis
338 530 492 610 possessis,
509 529 683 590 soluturum
700 550 781 600 esse;
798 530 823 591 si
840 550 912 592 vero
929 531 1043 592 solutio
1067 529 1195 607 deficiat,
1218 531 1335 592 dictum
1350 551 1495 612 procura·

194 636 293 680 torem
310 619 403 680 dictas
418 619 624 699 possessiones
641 635 836 700 recepturum
853 640 927 693 esse.
942 654 984 662 —
1002 620 1133 681 lacobus
1150 621 1187 680 de
1206 621 1392 694 Mediolano,
1407 637 1495 682 nota-

195 708 1054 789 riussacriimperii,scripsit(Revuedel'Orientlat.Vll,p.
1068 710 1313 783 181-182,No.
1323 711 1382 790 73),
1393 704 1496 769 12151)

243 812 331 873 1254
348 820 427 893 Aug.
445 848 486 857 —
503 814 650 875 Salvador
673 814 710 876 de
738 814 887 894 Daroqui,
896 814 915 891 1)
942 816 1025 895 prior
1055 814 1306 877 confraternitatis
1337 815 1367 878 S.
1391 816 1494 877 Jacobi

194 903 393 978 Acconensis,
418 904 451 964 in
476 922 587 965 manus
603 902 761 965 Guillelmi
787 906 825 965 de
841 904 949 966 Castro
974 923 1068 977 nov0,
1091 906 1225 983 magistri
1241 904 1419 986 Hospitalis,
1441 905 1495 987 qui

195 1013 267 1055 eum
284 992 413 1074 ejusque
428 993 529 1055 socios
544 993 576 1053 in
593 993 872 1055 confraternitatem
896 1010 924 1054 et
949 994 1176 1076 participatores
1192 996 1378 1070 orationum,
1394 997 1495 1055 bono-

194 1103 264 1146 rum
287 1102 419 1164 operum
443 1098 471 1143 et
494 1082 746 1163 elemosynarum
762 1081 932 1162 Hospitalis
947 1083 1069 1163 recepit,
1095 1082 1304 1159 juramentum
1320 1083 1391 1144 fidei
1408 1085 1496 1163 ponit

195 1173 242 1249 (D.
259 1174 339 1235 Cara
356 1172 388 1250 ll,
405 1192 433 1253 p.
452 1173 524 1251 763,
540 1172 599 1231 No.
619 1172 719 1250 26893
738 1171 852 1233 lnvent.
871 1192 899 1252 p.
919 1192 971 1249 9ο,
987 1173 1048 1233 Νο.
1069 1173 1150 1252 284).
1393 1170 1496 1231 1216·

194 1326 260 1383 868·
282 1256 362 1380 QDe
376 1271 435 1327 quo
449 1254 515 1311 nihil
528 1254 649 1322 scimus3
670 1256 705 1310 de
726 1254 959 1310 confraternitate
972 1255 1001 1311 S.
1016 1256 1113 1311 Jacobi
1133 1256 1169 1311 ef.
1187 1273 1271 1327 supra
1292 1255 1347 1310 No.
1373 1266 1453 1325 1214·
1467 1267 1495 1310 et

262 1362 290 1389 ‚r
308 1345 348 1381 o.
380 1367 386 1379 .

284 1449 300 1481 „
348 1345 426 1482 ring.
443 1436 487 1446 -
503 1402 614 1464 Charta
625 1403 746 1476 Juliani,
757 1403 875 1464 domini
886 1402 1127 1481 Sidoniensis,in
1140 1406 1176 1465 D.
1193 1405 1275 1466 Cart.
1292 1404 1325 1482 ll,
1342 1425 1369 1486 p.
1388 1405 1493 1482 761-

196 1494 268 1575 763,
286 1493 344 1554 No.
364 1492 464 1565 2688;
482 1492 597 1553 lnvenr.
615 1511 645 1573 p.
662 1512 802 1571 99-91,
818 1493 878 1555 Νο.
897 1495 957 1573 285
976 1510 1006 1554 et
1023 1494 1095 1554 288.
1238 1518 1240 1521 ·
1409 1490 1493 1552 1217

284 1630 302 1660 ,,
348 1580 430 1661 Sept.
454 1579 635 1641 -Charta
666 1580 804 1658 ejusdem
835 1582 946 1644 Juliani
971 1581 1004 1643 in
1032 1583 1067 1645 D.
1090 1583 1171 1645 Cart.
1196 1582 1229 1661 ll,
1255 1602 1283 1664 p.
1310 1582 1495 1661 764-766,

195 1672 255 1734 Νο.
275 1671 510 1752 269331nvent.
528 1689 558 1750 p.
575 1688 626 1749 90,
643 1669 703 1731 No.
722 1670 793 1733 286.
1406 1668 1495 1729 1220

243 1759 331 1820 1255
350 1761 437 1821 Mart.
458 1781 481 1821 1.
498 1759 638 1841 Neapoli.
654 1792 698 1803 -
716 1759 888 1820 Alexander
895 1759 936 1821 lV
946 1760 1127 1821 cancellario
1135 1760 1340 1843 Tripolitano,
1350 1761 1496 1839 magistro

195 1851 373 1913 scholarum
391 1847 596 1923 Antiocheno,
613 1864 642 1908 et
665 1847 806 1910 ministro
832 1848 959 1910 fratrum
976 1849 1134 1911 Minorum
1147 1848 1288 1932 ¹Tyrensi
1310 1849 1446 1913 mandat.
1463 1865 1496 1909 ut

195 1939 412 2020 Raymundus,
428 1937 575 2000 dominus
591 1938 629 1998 de
645 1937 886 2016 Seslemenden,
909 1938 1091 2018 dignitatem
1107 1939 1343 2001 comestabuliae
1359 1938 1495 2020 Tripoli-

193 2045 280 2091 tanae
297 2044 403 2089 contra
418 2027 462 2104 E,
479 2026 641 2088 dominam
656 2026 694 2087 de
711 2027 819 2103 Podio,
834 2023 1023 2108 assequatur.
1034 2029 1052 2107 ι)
1086 2028 1170 2090 Haec
1186 2029 1270 2089 enim
1286 2043 1354 2108 post
1365 2044 1495 2095 mortem

194 2117 356 2181 Thomasii
367 2116 581 2178 constabularii
592 2116 816 2197 Raymundum
826 2114 966 2193 ejusdem
976 2118 1175 2196 avunculum,
1192 2137 1292 2199 quum
1308 2137 1340 2178 se
1357 2117 1496 2197 proxima

194 2208 274 2268 linea
291 2207 408 2267 dictum
425 2205 632 2267 Thomasium
649 2205 795 2284 attingere
812 2206 930 2283 dixerit,
947 2208 1103 2268 submovit
1112 2226 1207 2287 seque
1220 2208 1317 2290 ipsam
1327 2204 1496 2268 introduxit

194 2297 227 2357 in
243 2294 466 2357 constabuliam
492 2316 508 2355 a
534 2294 751 2370 (Bohemundo
770 2294 829 2372 111),
854 2295 992 2377 principe
1017 2297 1216 2357 Antiocheno
1242 2310 1271 2358 et
1297 2295 1409 2357 comite
1425 2295 1496 2356 Tri·

195 2385 343 2466 politano,
359 2382 471 2462 adjura,
488 2404 549 2464 qua
559 2403 590 2444 re
606 2384 704 2446 dictus
721 2384 926 2465 Raymundus
943 2385 1073 2447 eandem
1090 2386 1128 2446 de
1144 2385 1281 2464 legitimo
1297 2383 1497 2446 matrimonio

194 2494 259 2536 non
274 2475 413 2553 genitum
431 2473 611 2534 Innocentio
622 2472 662 2532 lV
679 2473 869 2534 denuntiavit
885 2490 914 2534 et
924 2474 1022 2536 dictus
1031 2495 1108 2556 papa
1125 2474 1292 2550 (Roberto),
1308 2473 1495 2555 patriarchae

195 2562 489 2645 Hierosolymitano,
505 2578 534 2622 et
544 2561 697 2639 (Adamo),
712 2561 929 2624 archidiacono
940 2565 1125 2640 Acconensi,
1142 2565 1307 2640 mandavit,
1322 2579 1356 2625 ut
1371 2581 1495 2625 causam

194 2652 395 2734 inquirerent,
421 2652 475 2713 sed
500 2669 600 2732 quum
625 2649 794 2731 patriarcha
820 2670 944 2713 monuo
970 2653 1001 2713 in
1028 2653 1087 2714 hoc
1113 2653 1239 2732 negotio
1255 2670 1416 2735 processus
1431 2670 1496 2714 non

195 2743 291 2803 lactus
323 2757 408 2818 esset,
440 2740 648 2821 Raymundus
679 2738 789 2799 iterum
821 2740 934 2802 Sedem
965 2743 1141 2803 Romanam
1172 2741 1246 2803 adiit
1276 2737 1432 2824 (Sbaralea
1463 2741 1495 2819 ll,

194 2851 223 2912 p.
247 2833 384 2909 18-19,
401 2830 460 2892 Νο.
478 2849 535 2909 25:
554 2828 691 2890 Potthast
707 2828 766 2889 No.
789 2830 913 2910 15⁷¹3l·
1392 2827 1496 2891 1224·

288 2915 305 2986 ¹)
319 2918 362 2969 De
376 2913 429 2968 hac
443 2911 637 2968 controversia
652 2912 768 2967 chartae
781 2926 810 2967 et
823 2912 957 2968 chronica
971 2925 1074 2969 tacent.

283 3040 300 3062 „
346 2991 432 3052 Mart.
454 3011 499 3068 19.
516 2995 632 3050 Accon.
648 3022 689 3031 —
706 2986 821 3051 Charta
845 2991 995 3052 Johannis
1019 2991 1140 3065 Costae,
1170 2990 1273 3054 militis
1298 2991 1496 3069 Acconensis,

193 3081 226 3143 in
242 3083 279 3143 D.
296 3082 377 3143 Cart.
394 3079 426 3155 ll,
444 3099 472 3160 p.
492 3099 566 3158 775,
584 3079 643 3139 No.
663 3096 757 3144 2721.
1407 3075 1495 3140 1227

284 3216 302 3247 ,,
348 3170 434 3230 Mart.
458 3189 503 3247 ¹9·
519 3173 636 3229 Accon.
653 3200 697 3210 —
713 3167 825 3229 Charta
841 3168 996 3231 Gnidonis
1012 3185 1040 3230 et
1056 3168 1176 3231 Nicolai
1192 3169 1231 3231 de
1249 3170 1369 3251 Honay,
1393 3168 1496 3230 militis

195 3259 394 3336 Acconensis,
410 3258 443 3319 in
460 3258 496 3317 D.
511 3256 594 3318 Cart.
611 3256 644 3327 ll,
661 3276 690 3336 p.
710 3259 894 3336 775-776,
912 3258 972 3319 Νο.
992 3278 1087 3336 2722.
1406 3255 1496 3318 1228

282 3396 300 3422 ,.
348 3349 436 3409 Mart.
453 3345 582 3428 Tripoli.
598 3345 770 3406 -Charta
794 3346 993 3408 Bohemundi
1018 3347 1065 3420 Vl,
1088 3347 1233 3430 principis
1256 3348 1443 3410 Antiocheni
1467 3362 1496 3408 et

193 3438 314 3500 comitis
329 3436 522 3517 Tripolitani,
539 3435 571 3496 iu
589 3435 625 3496 D.
641 3435 723 3496 Cart
739 3434 772 3511 ll,
790 3455 820 3517 p.
839 3436 1021 3514 807-808‚
1038 3436 1097 3498 No.
1116 3438 1217 3498 2801:
1242 3439 1332 3516 1256.
1405 3434 1496 3497 1229

283 3534 301 3601 ,’,
347 3526 443 3607 April.
465 3547 489 3586 1.
507 3538 536 3586 et
557 3545 602 3586 rr.
619 3522 759 3602 Neapoli.
775 3558 819 3567 -
834 3524 989 3606 Epistolae
1011 3525 1178 3587 Alexandri
1195 3526 1236 3591 lV
1258 3525 1289 3587 in
1307 3526 1343 3586 D.
1361 3527 1441 3587 Cart.
1459 3525 1495 3603 ll,

193 3638 222 3698 p.
242 3635 304 3693 777
322 3632 351 3675 et
367 3635 440 3692 779,
456 3614 515 3676 Νο.
534 3614 620 3679 2726
638 3628 666 3672 et
684 3631 779 3691 2729.
1293 3686 1295 3690 ι
1407 3610 1496 3673 1230

283 3752 304 3779 ,,
350 3704 445 3785 April.
464 3705 491 3765 8.
508 3700 649 3783 Neapoli.
663 3736 708 3746 -
723 3701 858 3782 Epistola
869 3702 1032 3764 Alexandri
1043 3704 1124 3764 lVin
1141 3705 1178 3765 D.
1193 3705 1274 3766 Cart
1290 3704 1322 3782 ll,
1339 3724 1368 3786 p.
1387 3724 1495 3772 777-

194 3796 267 3871 778,
286 3795 344 3856 Νο.
363 3812 463 3863 2727;
480 3794 596 3852 luvent.
613 3810 642 3872 p.
663 3811 712 3871 54,
728 3791 787 3853 No.
805 3812 855 3860 71.
1409 3790 1491 3852 1231

282 3930 299 3956 ,,
345 3882 440 3964 April
456 3914 500 3925 -
516 3881 629 3943 Charta
652 3879 804 3941 Johannis
828 3880 994 3954 Lnlemani,
1020 3881 1140 3944 domini
1167 3881 1383 3958 Caesariensis,
1406 3881 1439 3942 in
1457 3882 1494 3943 D.

193 3973 275 4035 Cart.
302 3971 335 4048 ll,
351 3993 379 4053 p.
400 3972 472 4048 776,
489 3971 550 4031 No.
570 3988 664 4048 2725.
1407 3968 1496 4030 1233

282 4109 301 4137 ,,
349 4058 420 4139 Maj.
435 4065 465 4122 ’1.
482 4092 522 4103 -
541 4059 653 4121 Charta
679 4057 818 4136 ejusdem
843 4059 993 4122 lobannis
1010 4059 1044 4120 in
1063 4060 1099 4120 D.
1116 4061 1196 4122 Cart.
1215 4059 1247 4138 ll,
1263 4081 1292 4143 p.
1310 4062 1497 4140 779—780,
1522 4083 1525 4091 ¹

192 4151 254 4215 Nn.
273 4170 366 4230 2732.
1407 4147 1495 4208 1234

282 4287 299 4316 ,,
346 4237 417 4316 Maj.
441 4259 464 4299 1.
482 4271 526 4282 -
543 4236 716 4298 Matthaeus
732 4236 770 4296 de
789 4237 892 4318 Boury
901 4238 920 4315 ¹)
944 4236 1032 4298 miles
1055 4237 1185 4317 Hugoni
1202 4238 1305 4313 Revel,
1328 4238 1496 4319 Hospitalis

192 4348 308 4409 magno
324 4326 578 4402 commendatori,
594 4324 754 4387 dimidiam
777 4325 891 4388 domus
907 4326 1012 4403 donat,
1029 4346 1124 4407 quam
1141 4346 1213 4389 eum
1230 4327 1380 4409 Hospitali
1397 4328 1495 4408 possi-

192 4419 283 4479 debat
299 4435 500 4479 communem
517 4416 565 4491 (D.
583 4415 664 4476 Cart.
684 4414 715 4490 ll,
733 4435 762 4496 p.
781 4415 854 4491 781,
871 4416 931 4478 No.
950 4435 1051 4497 27333
1086 4416 1201 4478 lnvent.
1217 4437 1245 4498 p.
1262 4437 1314 4496 92,
1331 4417 1393 4478 No.
1414 4416 1495 4494 296)

1481 4511 1496 4544 1

258 4661 262 4670 Ι
285 4590 303 4659 1)
316 4589 373 4658 Qui
386 4588 415 4644 in
427 4589 486 4643 RH.
499 4588 554 4643 No.
573 4605 639 4660 ¹25⁰
651 4593 697 4658 (15
711 4588 791 4660 Sept.
810 4588 886 4660 1256)
905 4589 996 4645 homo
1018 4588 1100 4660 ligius
1115 4588 1261 4658 iohannis,
1281 4503 1493 4661 11911111ιέ31)-

192 4674 439 4814 ΜΜὙἭᾙ.
457 4771 498 4781 -
514 4737 672 4799 lohannes
681 4735 834 4798 l’Aleman
843 4752 873 4797 et
884 4739 1075 4816 Margarethe
1083 4758 1172 4816 uxor,
1182 4737 1311 4799 domina
1320 4737 1496 4811 Caesareae,

191 4848 223 4889 se
241 4826 445 4888 Guillelmum
462 4828 499 4886 de
516 4827 721 4903 Castronovo,
745 4826 926 4906 magistrum
941 4826 1118 4908 Hospitalis,
1142 4827 1288 4889 omnibus
1304 4829 1409 4890 locum
1425 4846 1495 4888 mo·
