3398 5400
281 328 339 417 146
839 320 1015 402 Regesta

324 547 413 610 1177
431 550 543 612 Octob.
561 570 608 628 17,
625 549 689 610 ind.
701 548 779 611 XIV.
789 550 809 627 l)
826 548 1062 630 Hierosolymis.
1074 581 1117 592 —
1128 547 1322 608 *Amalricus
1333 546 1383 626 l,¹)
1400 566 1453 607 rex
1469 544 1583 607 Hiero-

275 638 491 721 solymitanus,
515 639 625 701 domui
641 639 913 701 Theutonicorum
931 639 1014 700 CCC
1031 637 1177 699 bisantios
1194 653 1400 698 sarracenatos
1419 634 1583 697 annuatim

276 729 314 789 ad
332 745 452 810 portam
469 729 569 790 David
585 727 790 809 recipiendos,
815 728 923 788 casalia
944 726 1034 789 Saffir
1050 726 1181 807 (Saphir)
1199 741 1228 787 et
1243 726 1423 788 Kafarhone
1440 723 1583 806 (Caphir-

276 819 372 895 hune)
390 819 422 879 in
438 818 590 880 territorio
613 816 821 899 Neapolitano
844 817 909 895 sita,
933 817 971 878 lll
989 817 1092 877 vineas
1115 816 1148 877 in
1166 815 1335 893 montania,
1353 835 1433 896 quae
1456 829 1584 875 vocatur

276 909 314 968 de
333 908 422 987 Abel,
439 927 573 988 quarum
589 908 622 968 in
639 909 737 989 prima
754 907 884 968 cisterna
903 923 947 967 est
963 906 1029 967 sine
1045 925 1135 986 aqua,
1160 905 1192 965 in
1209 906 1345 966 secunda
1362 925 1433 965 cava
1449 904 1488 964 de
1505 919 1584 964 terra

276 998 416 1075 candida,
443 998 475 1058 in
501 998 587 1058 tertia
611 997 699 1057 vinea
724 996 833 1075 vicina,
860 1014 985 1057 necnon
1010 995 1111 1056 varios
1136 995 1273 1055 redditus
1300 993 1518 1056 frumentarios
1544 992 1582 1053 ad

275 1102 396 1166 ponam
414 1086 512 1148 David
529 1102 558 1147 et
574 1086 693 1148 zuccari
711 1086 748 1147 de
765 1085 941 1147 canamellis
956 1085 1104 1167 Neapolis
1120 1103 1177 1166 pro
1195 1083 1325 1145 infirmis
1336 1081 1584 1145 Zaribelhaben-

275 1176 332 1237 d0s
357 1170 494 1256 denique
519 1175 715 1237 franchisiam
739 1175 873 1236 intrandi
894 1191 923 1236 et
939 1174 1085 1251 exeundi,
1109 1174 1265 1235 vendendi
1281 1189 1310 1234 et
1326 1172 1451 1234 emendi
1468 1171 1501 1232 in
1517 1186 1584 1232 toto

275 1285 373 1344 tegno
390 1265 532 1327 concedit
548 1280 577 1326 et
593 1264 695 1344 sigillo
705 1265 810 1326 sancit.
821 1264 1022 1341 —Eraclius,
1034 1263 1064 1325 S.
1076 1262 1322 1324 Resurrectionis
1333 1263 1456 1339 electus,
1466 1260 1584 1337 Guid0,

275 1354 440 1435 Joppensis
456 1370 486 1415 et
503 1355 663 1416 Ascalonis
687 1371 802 1431 comes,
826 1353 988 1429 Anfridus,
1012 1351 1257 1414 constabularius
1281 1352 1378 1430 regni,
1401 1348 1582 1429 Rainaldus,

276 1443 413 1525 Sydonis
430 1443 589 1522 dominus,
606 1443 752 1505 Balianus
768 1442 927 1524 Neapolis,
944 1442 1117 1503 Balduinus
1133 1442 1171 1502 de
1188 1439 1480 1519 Ybelin,Balianus,
1492 1439 1584 1500 frater

276 1533 353 1612 eins,
379 1533 456 1594 Milo
473 1533 510 1594 de
527 1533 649 1612 Plance,
674 1533 818 1595 Galterus
835 1533 873 1594 de
889 1532 1002 1609 Berim,
1027 1532 1195 1593 Anselmus
1214 1531 1252 1591 de
1268 1530 1348 1608 Brie,
1372 1529 1528 1592 Galterius
1544 1528 1584 1588 de

278 1623 405 1683 Mirabel
431 1622 612 1684 vicecomes.
660 1624 775 1684 Datum
802 1641 856 1703 per
881 1641 1011 1683 manum
1036 1619 1173 1698 Radulfi,
1199 1619 1337 1702 episcopi
1362 1617 1583 1681 Bethleemitae

275 1712 425 1792 regnique
442 1711 681 1773 vicecancellarii
698 1711 858 1788 (strehlke,
875 1731 905 1792 p.
924 1732 954 1790 9,
972 1711 1032 1772 No.
1052 1711 1088 1782 8;
1112 1710 1150 1771 cf.
1169 1730 1198 1792 p.
1223 1709 1412 1788 raa-123).
1512 1704 1584 1766 548

351 1816 370 1892 ¹)
384 1811 598 1939 (slorrggpndnm
612 1825 702 1867 esset:
717 1813 750 1867 X.
844 1815 867 1881 ¹)
880 1813 944 1866 Hoc
958 1810 1136 1882 privilegium
1149 1809 1278 1882 spurium
1292 1827 1354 1865 esse
1367 1821 1445 1865 recte
1459 1809 1568 1864 demon
1580 1844 1584 1850 -

275 1895 373 1938 strant
409 1895 451 1938 tre
503 1901 526 1938 e.

357 2014 375 2045 .,
423 1969 534 2032 Octob.
562 2005 604 2013 -
628 1970 836 2047 Raimundus,
860 1989 965 2030 comes
985 1968 1210 2049 Tripolitanus,
1237 1987 1310 2031 cnm
1334 1986 1429 2029 uxore
1453 1966 1584 2028 Eschiva

277 2058 430 2140 Hospitali
446 2075 476 2119 et
492 2059 638 2138 magistro
649 2058 786 2138 Rogerio
796 2059 940 2121 Castrum
952 2059 1095 2119 Rubrum
1114 2077 1239 2119 necnon
1249 2058 1345 2118 casale
1355 2056 1428 2117 alias
1438 2071 1584 2118 vocatum

274 2148 409 2209 Turrem
427 2148 575 2209 Bertranii
598 2148 736 2226 Milonis,
753 2149 840 2229 quod
857 2148 921 2228 ipse
939 2148 971 2208 in
988 2147 1168 2208 vadimonio
1185 2147 1223 2208 de
1247 2147 1378 2208 domino
1402 2145 1584 2206 Rainuardo

276 2238 415 2315 habebat,
433 2239 529 2299 donat
545 2252 575 2298 et
590 2238 692 2316 sigillo
709 2237 880 2298 confirmat.
902 2271 938 2281 —
957 2237 1040 2315 Ugo,
1058 2236 1207 2298 dominus
1223 2235 1324 2314 Biblii,
1342 2236 1424 2314 Ug0,
1442 2233 1583 2313 ejusdem

275 2326 367 2403 filius,
386 2326 584 2388 Raimundus
601 2327 639 2387 de
656 2326 768 2406 Biblio,
786 2327 951 2388 Bertranus
967 2325 1115 2405 Porcelet,
1127 2324 1481 2401 ArbertusSaramanni,
1494 2327 1584 2385 Asta-

276 2415 373 2493 fortis,
399 2417 471 2495 Ugo
495 2415 657 2494 Senzaver,
682 2416 890 2494 Raimundus,
915 2416 1110 2476 mariscalcus
1133 2415 1282 2496 Tripolis,
1305 2415 1464 2475 Rustenus
1488 2413 1527 2474 de
1551 2412 1582 2475 S.

277 2505 440 2584 Montano,
452 2505 639 2568 Guillelmus
650 2506 815 2585 Berenger,
827 2505 989 2566 Albericus
999 2505 1038 2565 de
1049 2503 1242 2583 Rancorolis,
1252 2504 1410 2566 Johannes
1421 2503 1459 2563 de
1470 2501 1583 2581 Suara,

277 2594 475 2656 Raimundus
492 2596 529 2656 de
547 2596 657 2672 Suara,
682 2594 881 2657 Raimundus
898 2593 1134 2671 Constantinus,
1158 2594 1266 2654 Petrus
1290 2594 1454 2671 Monacus,
1479 2591 1584 2671 Sais,¹)

275 2684 347 2762 Ugo
366 2684 552 2765 Moresinus,
577 2684 752 2746 Matthaeus
773 2683 982 2762 cancellarius,
998 2683 1053 2765 qui
1069 2683 1188 2764 scripsit
1205 2683 1299 2760 [Paoli
1317 2683 1337 2761 l,
1355 2702 1385 2764 p.
1399 2701 1528 2762 213—2
1539 2702 1586 2760 14,

275 2773 336 2834 No,
363 2774 442 2851 170).
1513 2767 1585 2830 549

350 2867 370 2933 ¹)
390 2864 466 2919 Alias
480 2864 611 2938 Sayxius,
624 2864 763 2933 Saissius;
783 2865 819 2921 cf.
834 2865 957 2936 EracleS,
970 2884 997 2937 p.
1015 2868 1071 2936 187.

356 3003 376 3036 „
423 2960 502 3021 Nov.
517 2980 567 3039 29.
579 2994 623 3002 -
632 2960 839 3021 Boamundus
848 2959 895 3040 lll,
907 2960 1051 3042 princeps
1061 2959 1287 3036 Antiochenus,
1299 2957 1402 3038 sigillo
1412 2957 1585 3037 confirmat,

275 3066 379 3108 corant
395 3068 427 3109 se
444 3069 562 3129 suaque
579 3050 673 3127 curia,
691 3051 724 3110 M
742 3049 880 3110 bisantiis
896 3050 1037 3131 acceptis,
1054 3049 1183 3110 heredes
1200 3049 1279 3110 Petri
1290 3048 1370 3129 Gay,
1386 3047 1501 3109 scilicet
1517 3045 1584 3107 Sal-

278 3136 402 3215 vagium
420 3136 519 3199 filium
537 3154 566 3199 et
583 3139 742 3200 Milessent
758 3137 852 3199 filiam
870 3137 1000 3219 ejusque
1016 3138 1162 3201 maritum
1174 3138 1368 3219 Stephanum
1385 3135 1585 3215 calumniam,

275 3245 370 3306 quant
388 3227 522 3288 fecerant
538 3228 649 3289 domui
665 3228 833 3309 Hospitalis
850 3228 964 3289 scilicet
980 3229 1018 3290 de
1034 3228 1153 3307 gastina
1174 3227 1267 3288 Naria
1289 3228 1328 3288 ad
1352 3242 1481 3308 pontem
1498 3225 1586 3286 Ferri

274 3315 341 3394 sita,
359 3336 454 3397 quarn
477 3317 593 3380 domus
615 3317 694 3378 dicta
717 3320 841 3378 tenebat
857 3338 874 3377 a
897 3318 927 3379 S.
945 3318 1114 3395 Abraham,
1136 3336 1261 3379 necnon
1278 3317 1316 3377 de
1333 3315 1431 3377 vineis
1446 3317 1484 3376 ab
1501 3314 1586 3375 dicto

276 3404 427 3486 Hospitali
446 3407 604 3487 possessis,
622 3407 660 3467 de
676 3407 793 3486 gastina
811 3406 841 3468 S.
859 3405 972 3485 Basilii,
984 3426 1064 3486 qnae
1079 3407 1136 3468 fuit
1148 3405 1317 3488 Mychaelis
1328 3405 1445 3484 Magni,
1457 3403 1585 3484 Georgii

275 3493 359 3575 Rayz
382 3510 412 3555 et
435 3495 607 3571 Theodori,
632 3495 743 3557 notarii
768 3495 866 3574 ducis,
891 3515 962 3557 cum
980 3496 1004 3557 ll
1021 3496 1139 3557 canutis
1162 3512 1191 3557 et
1214 3495 1372 3574 omnibus,
1397 3513 1477 3575 quae
1503 3493 1585 3555 Petri

274 3583 343 3664 Gay
360 3584 496 3663 fuerunt,
514 3586 552 3646 de
570 3585 612 3646 eis
629 3585 752 3664 scilicet,
773 3605 852 3665 quae
870 3585 1030 3666 Hospitale
1055 3585 1201 3667 possidet,
1225 3585 1257 3646 in
1282 3604 1354 3665 pace
1378 3583 1531 3645 dimisisse
1556 3598 1585 3643 et

274 3674 414 3734 absolute
431 3673 606 3754 quitavisse.
624 3708 667 3716 —
684 3674 874 3737 Guiscardus
891 3676 928 3735 de
946 3674 1057 3754 Insula,
1080 3675 1239 3737 Johannes
1256 3674 1293 3734 de
1311 3673 1452 3754 Salqnin,
1470 3672 1585 3733 Richa-

276 3763 339 3823 rius
366 3764 403 3823 de
429 3763 596 3843 Lerminat,
629 3763 783 3844 Rogerius
809 3763 846 3824 de
874 3764 1038 3842 Surdeval,
1071 3764 1249 3826 Gaufredus
1275 3764 1414 3840 Dordan,
1447 3761 1586 3824 Garinus

274 3851 444 3931 Guegnart,
469 3852 542 3914 Odo
559 3854 597 3915 de
614 3853 722 3933 Maire,
747 3853 877 3934 Symon,
886 3854 906 3931 ¹)
930 3855 992 3914 dux
1010 3854 1203 3915 Antiochiae.
1236 3853 1351 3914 Datum
1375 3872 1430 3933 per
1452 3869 1585 3913 manum

272 3942 424 4003 Johannis
441 3943 612 4004 cancellarii
629 3962 713 4003 anno
731 3942 921 4023 principatus
938 3943 1006 4004 xlv
1024 3943 1182 4020 (Delaville
1193 3941 1221 4002 le
1232 3942 1346 4020 Roulx,
1358 3961 1387 4023 p.
1403 3960 1549 4021 130-13
1561 3961 1585 4017 1,

274 4032 334 4092 No.
353 4051 394 4111 42
414 4030 461 4110 [cf.
480 4052 509 4112 p.
530 4030 597 4112 2013
624 4033 724 4110 Prutz,
742 4051 772 4113 p.
797 4053 865 4110 112,
883 4034 944 4094 No.
964 4052 1021 4113 393
1039 4032 1076 4093 cf.
1094 4052 1188 4112 supra
1204 4033 1264 4093 No.
1283 4031 1369 4111 424).
1513 4027 1586 4089 550

351 4136 370 4200 ¹)
390 4131 543 4203 Burgevin.

354 4272 373 4303 ‚,
421 4229 501 4289 Nov.
528 4263 572 4271 -
598 4229 778 4305 Rainaldns,
811 4229 973 4308 quondam
1004 4227 1188 4288 Antiochiae
1220 4227 1372 4308 princeps,
1399 4246 1485 4288 nunc
1510 4245 1585 4288 vero

274 4316 526 4395 Hebronls)ensis
542 4335 571 4379 et
591 4319 708 4379 Montis
732 4316 856 4396 Regalis
879 4318 1037 4395 dominus,
1046 4318 1066 4395 ¹)
1090 4337 1246 4378 consensu
1271 4316 1455 4397 Stephaniae
1479 4316 1586 4378 uxoris

272 4404 402 4487 eiusque
419 4405 556 4468 filiorum
573 4408 726 4489 Hospitali
749 4407 945 4489 privilegium
962 4429 978 4467 a
995 4407 1156 4485 Mauricio,
1178 4406 1309 4467 domino
1327 4406 1444 4467 Montis
1461 4405 1586 4485 Regalis

273 4495 376 4577 (snpra
394 4497 453 4557 No.
474 4497 557 4575 279),
581 4497 700 4558 editum
725 4495 827 4576 sigillo
853 4495 1016 4558 confirmat
1040 4495 1155 4557 scilicet
1179 4496 1211 4557 in
1232 4511 1309 4557 terra
1327 4495 1444 4556 Montis
1461 4494 1586 4575 Regalis

273 4585 370 4646 casale
387 4584 559 4646 Benisalem
577 4606 650 4647 curn
666 4586 868 4668 pertinentiis,
894 4586 925 4646 in
950 4586 1017 4647 vico
1042 4586 1159 4646 Montis
1182 4585 1305 4664 Regalis
1328 4584 1459 4662 Caissar,
1483 4583 1585 4646 filiurn

272 4674 398 4755 Tamin,
416 4694 488 4736 cnm
505 4675 682 4753 heredibus,
700 4693 820 4752 terram,
838 4695 918 4755 qnae
934 4691 980 4736 est
995 4676 1074 4736 inter
1091 4675 1213 4736 vineam
1229 4673 1358 4753 Seguini
1377 4689 1407 4735 et
1423 4672 1587 4736 Guillelmi

274 4763 382 4841 Hasin,
399 4764 431 4824 in
449 4763 558 4825 Monte
574 4765 680 4844 Regali
698 4765 839 4843 domum,
856 4766 982 4825 interra
999 4765 1170 4826 Petracensi
1187 4764 1284 4826 casale
1301 4763 1409 4826 Canzil
1425 4782 1498 4825 cum
1515 4783 1586 4845 per-

278 4857 491 4868 ———

348 4886 368 4951 ¹)
387 4884 431 4938 lle
445 4902 503 4956 quo
519 4884 562 4938 De
576 4884 638 4938 Mas
651 4882 746 4938 Latrie
759 4882 788 4938 in
802 4883 887 4938 Arch.
900 4884 1015 4938 Veneto
1034 4882 1108 4958 1883,
1122 4884 1211 4949 XXV,
1225 4900 1251 4955 p.
1264 4881 1415 4955 488—490.
