3398 5400
600 361 680 436 regni
692 360 955 437 Hierosolymitani.
1365 388 1427 449 295

124 601 211 682 parti,
223 600 255 662 in
265 599 507 682 septentrionem
526 600 559 661 in
570 599 669 676 casali,
681 600 768 680 quod
778 614 862 662 tenet
872 599 1021 662 dominus
1031 600 1185 681 Engaram
1196 598 1275 678 (sic);
1294 615 1323 662 et
1339 601 1431 663 habet

124 691 314 769 homoliges:
333 690 476 765 Mahalla‚
494 689 629 769 Selmeu,
647 690 727 767 Hali,
744 690 841 770 Habs,
857 688 981 769 Bellala,
998 689 1091 751 Halil.
1122 689 1217 752 Aliud
1234 690 1331 752 casale
1347 688 1430 769 ejus-

124 781 196 841 dem
213 779 298 841 feudi
308 779 586 857 vocaturTolliffif,
597 780 684 860 quod
700 779 801 840 firmat
816 779 849 840 in
865 779 984 841 oriente
1000 779 1033 840 in
1049 792 1128 840 terra
1144 779 1250 840 casalis
1260 779 1430 861 Hospitalis

126 868 278 948 Megedel,
305 868 337 930 in
363 869 557 931 occidentem
583 869 615 930 in
641 869 731 930 casali
746 870 948 948 Terretenne,
973 868 1007 929 in
1029 869 1274 950 septentrionem
1290 869 1323 930 in
1340 870 1431 931 casali

124 958 216 1021 Cafar
232 959 357 1037 Dabael,
369 959 456 1039 quod
473 973 556 1020 tenet
571 958 828 1020 Bartholomaeus
842 959 880 1020 de
891 957 1001 1040 Caym,
1012 978 1119 1020 versus
1134 973 1275 1020 austrum
1291 957 1324 1020 in
1340 959 1430 1021 casali

122 1048 188 1110 Joie
209 1050 248 1108 ab
271 1048 409 1128 Hugone
425 1047 555 1109 amirato
572 1067 726 1129 possesso.
750 1049 834 1110 Petia
849 1064 946 1110 terrae
962 1046 1103 1127 ejusdem
1114 1047 1199 1109 feudi
1215 1048 1271 1109 sita
1286 1064 1331 1109 est
1347 1046 1431 1128 juxta

125 1138 243 1199 fontem
261 1137 319 1198 Dei
335 1138 469 1218 desuper
492 1138 695 1213 conductum,
720 1138 774 1218 qni
797 1138 896 1219 pergit
911 1137 944 1199 in
961 1137 1113 1200 civitatem
1129 1137 1207 1219 Tyri
1223 1137 1313 1217 (qnae
1330 1136 1431 1200 firmat

124 1246 230 1288 versus
247 1225 400 1288 orientem
417 1227 449 1288 in
466 1243 544 1288 terra
560 1226 666 1288 casalis
689 1226 720 1289 S.
739 1227 900 1308 Sepulchri
918 1227 1039 1308 partim,
1056 1228 1144 1308 quod
1160 1241 1288 1288 vocatur
1303 1226 1429 1307 Derina,

124 1332 153 1378 et
169 1315 279 1397 partim
296 1316 423 1377 interra
440 1316 628 1396 communis,
642 1317 1027 1397 quaevocnturBellemet,
1044 1316 1076 1377 in
1094 1316 1288 1377 occidentem
1303 1315 1337 1377 in
1352 1335 1430 1378 con-

124 1407 220 1468 ductu
253 1405 335 1466 dicto
367 1422 396 1466 et
426 1406 459 1466 in
490 1406 571 1487 petia
601 1420 698 1467 terrae
729 1425 825 1486 quam
856 1406 993 1488 possidet
1024 1405 1292 1487 archiepiscopus,
1323 1425 1431 1468 versus

124 1510 264 1558 austrum
282 1494 314 1556 in
339 1495 430 1556 casali
455 1495 619 1576 Sepulchri
645 1496 760 1556 Darina
778 1515 885 1557 versus
910 1495 1154 1577 septentrionem
1179 1495 1212 1556 in
1238 1495 1349 1574 rivu10,
1376 1495 1432 1577 qui

123 1601 235 1647 terram
260 1584 439 1646 communis
465 1600 493 1646 et
517 1600 629 1646 terram
652 1585 737 1646 leudi
760 1585 939 1663 intercedit).
971 1585 1040 1646 Alia
1063 1585 1143 1667 petia
1169 1598 1266 1645 terrae
1290 1583 1431 1663 ejusdem

125 1674 210 1736 feudi
231 1674 404 1756 appellatur
427 1675 521 1736 Fossa
544 1673 634 1755 (quae
657 1673 758 1736 firmat
781 1675 813 1735 in
836 1675 989 1736 orientem
1012 1674 1045 1735 in
1066 1673 1124 1753 via,
1142 1693 1222 1754 quae
1238 1673 1382 1735 discurrit
1398 1674 1431 1736 in

124 1781 234 1826 terram
258 1763 447 1843 communis,
471 1764 504 1824 in
527 1764 720 1825 occidentem
745 1765 778 1825 in
801 1763 970 1842 Sabulone,
993 1763 1027 1825 in
1043 1763 1284 1845 septentrionem
1302 1763 1334 1824 in
1350 1763 1432 1845 petia

124 1870 219 1916 terrae
237 1854 267 1915 S.
280 1854 414 1915 Cosmne
431 1870 460 1914 et
476 1853 630 1933 Damiani,
647 1852 680 1914 in
696 1869 838 1915 austrum
855 1854 888 1915 in
903 1868 982 1915 terra
998 1852 1196 1932 communis),
1207 1871 1304 1933 quam
1320 1867 1432 1914 terram

124 1943 264 2006 vendidit
279 1963 354 2004 avus
371 1943 442 2004 dicti
459 1943 593 2004 Rolandi
610 1962 765 2004 consensu
783 1943 903 2004 domini
921 1943 1117 2005 Pantaleonis
1131 1943 1243 2020 Barbo,
1260 1943 1314 2003 sed
1324 1942 1432 2004 Vitalis

125 2031 245 2095 Galafat
266 2031 389 2110 tu(c)tor
411 2032 546 2094 Rolandi
570 2032 641 2094 dicti
664 2032 740 2093 emit
755 2033 838 2094 dicto
856 2033 1001 2094 Rolando
1017 2048 1157 2114 tempore
1175 2032 1323 2113 Stephani
1339 2030 1433 2093 lusti-

125 2121 210 2183 niani
225 2137 300 2183 tunc
318 2120 414 2200 bajuli
430 2141 487 2203 pro
499 2122 611 2183 LXXV
623 2122 767 2184 bisantiis.
792 2122 901 2184 Dictus
916 2142 991 2183 vero
1002 2119 1165 2183 Rolandus
1182 2123 1220 2183 de
1236 2121 1320 2182 dicto
1336 2121 1432 2183 leudo

125 2212 217 2272 habet
232 2212 365 2273 domum
381 2210 414 2272 in
430 2211 565 2273 tertiario
582 2212 776 2275 Venetorum
798 2228 868 2273 ante
892 2211 922 2274 S.
940 2212 1067 2272 Petrum
1090 2211 1180 2292 (quae
1203 2209 1303 2272 firmat
1325 2230 1432 2273 versus

125 2301 277 2362 orientem
293 2301 326 2362 in
342 2321 428 2381 ruga,
440 2319 520 2381 quae
538 2301 682 2363 discurrit
696 2317 766 2363 ante
782 2301 900 2363 dictum
917 2300 949 2363 S.
960 2301 1096 2382 Petrum,
1113 2319 1220 2362 versus
1238 2300 1432 2362 occidentem

125 2390 158 2451 in
174 2389 300 2452 ecclesia
317 2390 519 2470 Graecorum,
541 2410 648 2452 versus
670 2407 811 2453 austrum
831 2391 863 2451 in
880 2392 987 2470 domn,
1004 2410 1099 2471 quam
1124 2389 1259 2472 possidet
1283 2389 1432 2452 dominus

125 2480 164 2541 de
186 2480 311 2561 Beryto,
335 2499 441 2541 versus
465 2480 708 2561 septentrionem
733 2480 767 2542 in
792 2482 889 2543 domo
914 2479 1064 2541 Johannis
1090 2479 1293 2555 balneatoris).
1323 2479 1431 2541 Casale

125 2569 283 2631 Bethoron
313 2570 428 2631 habent
453 2568 563 2631 Veneti
589 2589 662 2631 cum
687 2569 921 2652 archiepiscopo
946 2570 1109 2651 Tyriensi,
1134 2569 1190 2650 qui
1214 2569 1258 2630 eis
1283 2569 1321 2629 de
1347 2585 1431 2650 parte

125 2659 266 2741 ipsorum
283 2672 395 2720 terram
412 2658 528 2721 detinet
544 2659 634 2740 (quae
650 2658 750 2722 firmat
765 2679 872 2722 versus
889 2659 1043 2721 orientem
1064 2659 1097 2721 in
1113 2659 1193 2741 petia
1209 2673 1305 2719 terrae
1321 2659 1432 2720 Nesun

125 2748 214 2810 casali
224 2747 283 2809 Tai
293 2749 419 2829 vicinae,
431 2768 537 2810 versus
553 2749 797 2831 septentrionem
813 2749 846 2810 in
861 2749 941 2831 petia
950 2765 1047 2810 terrae
1058 2748 1179 2810 Hebdel
1188 2748 1314 2826 Hoheb,
1324 2767 1432 2809 versus

125 2853 264 2899 austrum
280 2839 313 2899 in
330 2838 410 2920 petia
426 2854 533 2917 terrae,
558 2857 653 2918 quam
677 2840 768 2899 habet
790 2839 945 2918 Hegmed,
969 2837 1052 2900 filius
1075 2838 1205 2916 Melaeb,
1230 2853 1259 2898 et
1273 2835 1432 2898 sufficiens

126 2927 150 2988 ll
166 2927 291 3008 paribus
314 2930 412 2989 boum
428 2944 457 2989 et
479 2928 535 2989 XL
551 2928 713 2990 arboribus
736 2927 889 2989 olivarum
913 2928 1046 3010 plantata
1061 2927 1187 2989 Venetis
1203 2927 1327 2989 detenta
1343 2926 1432 2987 fuita

125 3032 266 3097 tempore
277 3016 455 3078 Salahadini
471 3033 500 3078 et
516 3033 561 3079 est
575 3017 711 3079 laborata
727 3038 743 3078 a
759 3017 875 3079 rustico
888 3017 1012 3095 Mulae).
1036 3017 1106 3079 Aha
1122 3017 1202 3099 petia
1217 3032 1324 3095 terrae,
1336 3035 1432 3096 quam

126 3106 319 3188 praepositus
343 3106 568 3189 archiepiscopi
592 3107 718 3186 detinet,
743 3126 870 3169 vocatur
895 3106 1053 3169 Carobleri
1084 3106 1174 3188 (quae
1200 3105 1301 3167 firmat
1325 3125 1432 3168 versus

126 3196 277 3258 orientem
295 3197 329 3257 in
345 3212 423 3259 terra
433 3198 595 3277 quondam
612 3196 717 3257 rustici
727 3197 852 3258 Belhala
862 3197 945 3274 dicti,
956 3216 1062 3258 versus
1072 3195 1266 3258 occidentem
1275 3195 1309 3257 in
1319 3211 1432 3257 terrant

125 3286 312 3347 rusticorum
330 3286 532 3365 Venetorum,
555 3306 661 3347 versus
684 3300 824 3349 anstrum
842 3287 874 3348 in
890 3303 968 3349 terra
984 3288 1021 3346 ab
1038 3284 1272 3367 archiepiscopo
1289 3284 1431 3364 detenta),

126 3374 185 3436 alia
200 3391 317 3438 retenta
332 3392 461 3439 vocatur
477 3376 515 3437 de
533 3376 627 3437 Sarde
651 3376 741 3457 (quae
764 3396 870 3438 versus
894 3376 1044 3437 orientem
1067 3374 1167 3436 firmat
1183 3374 1216 3435 in
1232 3394 1359 3453 masara,
1377 3374 1432 3436 ubi

126 3462 258 3526 efficitur
273 3466 394 3545 vinum,
411 3486 518 3528 versus
534 3466 728 3527 occidentem
747 3467 778 3527 in
795 3483 881 3545 terra,
891 3485 987 3547 quam
1002 3480 1086 3526 tenet
1102 3463 1326 3545 archiepiscopi
1341 3463 1433 3525 rusti-

127 3574 182 3616 cus
197 3554 330 3633 Hamed,
348 3576 455 3618 versus
477 3556 723 3636 septentrionem
741 3557 867 3617 interra
887 3553 1055 3637 praepositi
1071 3553 1152 3632 dicti,
1170 3573 1276 3615 versus
1291 3568 1433 3615 austrum

127 3644 160 3705 in
175 3644 224 3704 via
240 3644 379 3725 publica;
397 3644 455 3706 alia
471 3646 552 3726 petia
569 3645 624 3706 sita
640 3662 684 3707 est
700 3645 783 3724 juxta
794 3645 922 3723 fontem,
933 3664 1029 3725 quam
1045 3645 1168 3704 tenebat
1184 3643 1317 3704 rusticus
1333 3642 1432 3704 archi-

128 3733 266 3814 episcopi
282 3734 428 3815 Basalag),
452 3735 525 3795 item
542 3735 697 3796 detinetur
712 3735 770 3796 alia
786 3750 864 3796 terra
880 3734 920 3795 lX
936 3733 1050 3795 modiis
1066 3732 1214 3795 frumeuti
1229 3731 1387 3795 sufficiens
1403 3746 1433 3792 et

127 3822 216 3883 vinea
232 3842 249 3883 a
264 3824 395 3903 Bosalag
412 3824 493 3885 dicto
510 3843 651 3905 possessa
674 3824 764 3904 (quae
788 3823 889 3884 firmat
910 3843 1018 3885 versus
1042 3821 1193 3884 orientem
1217 3823 1249 3883 in
1271 3834 1431 3901 montana,

127 3931 233 3973 versus
249 3911 444 3974 occidentem
459 3913 492 3974 in
508 3913 608 3992 vinea,
620 3933 716 3994 quam
732 3929 815 3974 tenet
830 3913 928 3993 Raffa,
940 3912 1073 3974 rusticus
1083 3910 1315 3992 archiepiscopi,
1325 3930 1432 3972 versus

126 4000 372 4081 septentrionem
388 4018 546 4081 montana,
557 4023 663 4065 versus
674 4018 815 4065 austrum
826 4003 859 4064 in
869 4003 967 4076 vinea,
979 4020 1074 4083 quam
1085 4002 1176 4062 habet
1185 4000 1318 4061 rusticus
1329 3999 1433 4079 Megel

128 4090 282 4171 Sachays),
294 4110 374 4171 quae
385 4092 577 4173 plantabatur
592 4094 630 4152 ab
647 4093 880 4174 archiepiscopo
896 4093 928 4154 in
944 4108 1084 4173 tempore
1101 4089 1251 4171 captionis
1263 4088 1431 4150 Damiatae.

127 4180 202 4241 Item
219 4181 374 4243 detinetur
389 4181 489 4261 vinea,
508 4201 604 4262 quam
619 4181 757 4264 possidet
772 4183 884 4263 Naym,
902 4181 984 4242 filius
1001 4182 1098 4259 Fett0,
1115 4179 1249 4242 rusticus
1265 4177 1433 4261 archiepis·

128 4270 199 4350 copi
215 4270 305 4350 (quae
323 4271 423 4333 firmat
437 4291 544 4333 versus
560 4271 713 4333 orientem
729 4271 763 4332 in
779 4271 932 4333 divisione
949 4271 1052 4351 Megel
1068 4268 1218 4349 Sarchais,
1228 4288 1335 4331 versus
1351 4268 1432 4329 occi-

129 4360 254 4421 dentem
271 4361 303 4422 in
320 4361 409 4423 vinea
424 4362 528 4424 rustici
545 4360 769 4442 archiepiscopi
793 4359 882 4440 Sade,
907 4380 1012 4422 versus
1035 4359 1279 4441 septentrionem
1295 4357 1328 4419 in
1343 4356 1433 4419 vinea

127 4449 360 4532 archiepiscopi,
371 4470 466 4532 quam
476 4465 560 4512 tenet
568 4451 701 4512 rusticus
711 4449 901 4528 Habdelceb,
912 4469 1018 4511 versus
1034 4463 1175 4512 austrum
1191 4449 1223 4510 in
1239 4463 1318 4509 terra
1334 4445 1433 4508 archi·

128 4539 288 4621 episcopi),
305 4555 333 4602 et
349 4541 438 4602 vinea
454 4541 520 4621 alia,
532 4558 628 4619 quam
643 4540 760 4602 laborat
775 4553 806 4600 et
822 4539 958 4620 possidet
969 4538 1128 4619 Sideomfi,
1139 4538 1222 4602 filius
1238 4539 1326 4600 Boali
1342 4538 1433 4620 (quae

128 4628 229 4690 firmat
238 4648 344 4692 versus
356 4631 508 4691 orientem
524 4644 554 4690 et
570 4628 763 4691 occidentem
779 4628 920 4690 invineis
932 4629 1135 4708 Venetorum,
1146 4629 1180 4690 in
1189 4628 1433 4709 septentrionem

129 4719 162 4780 in
184 4719 297 4781 oliveta
321 4719 553 4800 archiepiscopi,
578 4737 674 4798 quam
698 4733 782 4781 tenet
807 4718 939 4781 rusticus
964 4719 1077 4801 Naym,
1102 4738 1209 4781 versus
1233 4731 1375 4780 austrum
1398 4719 1433 4781 in

128 4808 218 4871 vinea
233 4807 466 4891 archiepiscopi,
478 4827 573 4888 quant
589 4823 670 4870 tenet
685 4809 818 4872 rusticus
829 4807 958 4888 Mesied)
975 4825 1005 4870 et
1020 4809 1119 4890 vinea,
1131 4827 1226 4892 quant
1241 4821 1325 4869 tenet
1340 4810 1432 4872 rusti-

129 4918 184 4962 cus
199 4899 313 4962 Feebet
335 4897 425 4980 (quae
449 4897 551 4961 firmat
574 4916 681 4961 versus
705 4899 859 4963 orientem
882 4900 917 4962 in
941 4899 1051 4963 oliveta
1076 4899 1310 4982 archiepiscopi,
1336 4916 1433 4980 quam
