3398 5400
664 337 1018 418 regnIHierosolymitani.
1435 363 1495 428 205

191 564 278 645 legiis
304 581 513 647 protegantur.
558 564 729 626 Firmatum
755 585 809 647 per
835 565 951 626 Arcalis
977 563 1125 640 Nadari2)
1150 580 1178 625 et
1204 563 1344 639 Amari³l
1371 563 1497 640 (hmarI,

193 653 203 714 I
220 654 350 736 diplomi
368 655 460 733 arabI,
477 675 507 736 p.
527 675 600 734 290,
618 656 678 716 No,
698 656 737 716 26
757 653 804 734 [cf.
822 674 852 736 p.
870 652 964 733 471];
983 653 1080 732 Lami,
1099 654 1195 714 Delie.
1213 653 1323 714 erudit.
1334 654 1369 731 V,
1386 673 1415 734 p.
1436 673 1498 714 220

191 763 322 805 ···.·22l.
1428 738 1496 801 767

265 828 285 897 ²)
303 745 440 881 iil-kadht
454 826 569 882 Nassirl
644 831 666 894 ⁸)
687 826 785 881 Omar.

241 919 330 981 120⁰
347 921 453 999 (1201)
471 921 569 1000 Febr,
586 921 652 982 ind.
665 921 705 982 IV
716 921 784 998 (III).
801 955 844 965 -
863 920 1056 1000 Ademarius,
1074 921 1223 983 dominus
1233 922 1411 999 Caesareae,
1423 941 1498 982 con-

192 1030 286 1072 sensu
299 1010 404 1072 uxoris
413 1011 551 1072 Julianae
568 1009 698 1091 ejusque
715 1010 769 1071 filii
781 1011 930 1072 Gualterii
948 1012 1113 1073 Caesareae
1131 1029 1256 1073 necnon
1266 1010 1404 1091 Georgii,
1421 1030 1497 1072 con-

192 1100 355 1180 sanguinei
372 1099 527 1180 Soquerii,
539 1100 694 1180 Soquerio
709 1101 852 1162 scribano
870 1117 898 1161 et
914 1100 1089 1178 heredibus,
1102 1119 1183 1180 quos
1193 1100 1231 1161 de
1243 1120 1338 1162 uxore
1350 1100 1499 1176 habuerit,

193 1188 334 1266 feudum,
358 1191 445 1270 quod
470 1189 527 1251 fuit
542 1189 693 1250 Iohannis
716 1188 865 1268 Scribam,
891 1190 1036 1252 avunculi
1064 1189 1145 1269 ejus,
1172 1190 1286 1251 scilicet
1312 1205 1497 1251 carrucatam

192 1294 288 1340 terrae
312 1279 441 1340 divisam
465 1278 498 1339 in
521 1278 676 1340 Kafarleto
699 1293 729 1339 et
751 1279 851 1341 varios
874 1279 1012 1341 redditus
1036 1280 1068 1341 In
1091 1279 1294 1355 Samaritano,
1319 1279 1499 1356 Solimania,

192 1367 319 1446 Bufalis,
351 1367 538 1448 Megedello,
569 1367 745 1445 Zebedello,
776 1368 925 1447 Trassim,
953 1368 1047 1446 Allar,
1074 1369 1183 1446 Alven,
1210 1368 1303 1445 Hatil,
1328 1367 1498 1443 Bezzemel,

193 1456 344 1532 Gelenne,
356 1477 436 1538 quae
448 1457 504 1518 luit
515 1456 636 1518 domini
647 1459 822 1536 Caesareae,
833 1457 934 1537 Soeta,
947 1458 1099 1536 pharaon,
1111 1458 1296 1537 Mezgebino
1311 1458 1331 1534 ¹)
1348 1474 1377 1518 et
1391 1457 1500 1519 Caleto

192 1546 343 1608 casalibus
366 1546 560 1628 recipiendos
583 1546 685 1625 sigillo
709 1547 859 1608 concedit.
888 1582 924 1590 -
951 1547 1063 1609 Milites
1079 1548 1262 1609 Caesareae:
1281 1546 1403 1624 Simon,
1421 1548 1499 1607 Mat-

193 1635 312 1714 thaeus,
331 1636 484 1697 Renerius
502 1637 539 1697 de
556 1636 667 1715 Coffia,
692 1636 847 1715 Rogerius
863 1637 902 1697 de
919 1636 1115 1715 Castellione,
1138 1638 1305 1715 Johannes,
1323 1636 1499 1713 Gervasius,

194 1771 302 1786 ......
304 1772 313 1803 ,
332 1772 338 1786 .
353 1773 360 1786 .
374 1772 381 1786 .
394 1773 401 1787 .
414 1773 440 1787 ..
459 1727 497 1786 de
514 1727 692 1804 Beugant,²)
709 1726 866 1786 lohannes
878 1726 1023 1804 Karoh,⁸)
1041 1726 1146 1787 Helias
1157 1727 1261 1787 Karoh
1274 1726 1389 1803 lratres,
1407 1725 1501 1785 Isem-

194 1814 317 1892 bardus,
335 1815 431 1894 Hugo
448 1815 486 1877 de
503 1814 605 1892 Buria,
623 1815 773 1878 Girardus
790 1816 934 1893 Passarel,
951 1815 1107 1876 Robertus
1124 1817 1227 1876 Perret
1243 1814 1337 1892 (Paoli
1356 1816 1376 1894 I,
1393 1834 1423 1896 p.
1438 1816 1499 1875 288

192 1906 313 1984 -289,
332 1905 391 1967 No.
410 1924 446 1983 9;
472 1904 509 1965 cf.
526 1904 599 1965 Lois
617 1902 675 1983 [ed.
693 1902 846 1984 Eeugnot]
865 1904 885 1982 I,
907 1924 937 1986 p.
957 1906 1019 1985 613
1039 1905 1125 1981 not).
1431 1901 1501 1962 768

269 2010 289 2074 ¹)
308 2005 385 2061 Alias
403 2005 563 2077 Scingebis,
583 2023 659 2061 nunc
680 2004 757 2060 Nusf
774 2005 848 2060 'eblil
869 2007 1213 2078 (clermont-Ganneau,
1233 2008 1299 2063 Rec.
1314 2004 1467 2062 d'arche'ol.
1482 2007 1501 2078 l,

194 2095 221 2150 p.
237 2080 386 2150 334401).
462 2081 483 2148 ²)
502 2077 666 2151 Raynaldus
681 2079 716 2132 de
730 2078 771 2132 Be
783 2085 885 2149 grant?
959 2082 982 2147 ³)
1001 2079 1109 2134 Karol?

276 2218 295 2249 „
342 2172 449 2250 (ι2οι)
467 2173 555 2233 Mart.
576 2191 626 2233 20.
646 2171 828 2233 Antiochiae
846 2173 878 2233 in
893 2172 1285 2253 palatio-Boemundus
1296 2172 1346 2250 IV,
1358 2172 1501 2254 princeps

194 2261 388 2341 Antiochiae,
400 2261 543 2342 precibus
554 2261 692 2323 Simonis
703 2261 895 2340 Foglianelli,
907 2261 1046 2323 consulis
1062 2262 1246 2323 Pisanorum
1258 2263 1500 2330 Acconensium,

194 2367 224 2412 et
240 2348 307 2429 ejus
324 2350 482 2412 sociorum
501 2351 580 2412 Petri
598 2349 707 2429 judicis
724 2368 753 2412 et
770 2351 907 2412 Federici
932 2352 1039 2412 Mochi
1062 2350 1152 2431 legati
1168 2351 1365 2433 privilegium
1381 2372 1398 2412 a
1415 2352 1500 2414 Con-

194 2439 313 2518 stantia,
332 2455 427 2501 matre
443 2439 601 2521 principis,
618 2440 791 2517 Buctaccio,
815 2441 916 2520 legato
939 2441 1134 2520 Pisauorum,
1159 2457 1188 2502 et
1210 2441 1248 2503 ab
1270 2441 1340 2522 ipso
1363 2441 1501 2523 principe

194 2529 271 2611 Tyri
287 2548 472 2591 concessum
489 2529 591 2609 sigillo
608 2528 780 2590 confirmat.
796 2563 841 2573 —
857 2531 964 2591 Petrus
982 2531 1019 2591 de
1036 2529 1237 2609 Ravandello,
1254 2530 1409 2610 Rogerius
1425 2549 1501 2591 con-

194 2618 387 2697 stabularius,
418 2619 575 2680 Johannes
608 2619 645 2680 de
677 2619 839 2699 Salquin0,
871 2620 1004 2680 lacobus
1029 2620 1067 2680 de
1093 2619 1236 2697 Marusio,
1269 2619 1432 2681 Richerius
1463 2619 1501 2680 de

193 2708 366 2787 Erminam,
383 2708 554 2769 Nicholaus
570 2708 697 2783 Jalmus,
709 2708 804 2769 Oddo
821 2709 859 2769 de
876 2709 983 2785 Maire,
995 2708 1135 2769 Thomas
1147 2708 1359 2789 marescalcus,
1371 2708 1502 2772 Guiliel-

195 2816 266 2859 mus
283 2798 320 2859 de
338 2798 451 2876 Insula,
469 2797 599 2859 Pascalis
616 2798 653 2858 de
671 2797 783 2876 Seona,
802 2797 897 2877 Hugo
915 2797 953 2858 de
970 2797 1134 2859 Curbulio.
1153 2832 1197 2841 —
1212 2798 1428 2860 Bonaccursus
1445 2815 1501 2860 etc.

195 2885 243 2963 (G.
254 2888 378 2966 Muller,
387 2907 417 2967 p.
428 2888 640 2965 80-81,No.
656 2906 710 2967 50:
729 2887 766 2948 cf.
778 2887 1317 2970 Archivesd.miss.scientif.,l.c.p.
1331 2888 1414 2969 352).
1432 2883 1502 2947 769

280 3040 301 3072 „
346 2995 444 3077 April.
465 3016 492 3076 5.
518 2994 669 3056 Laterani.
686 2994 945 3055 -Innocentius
962 2994 998 3055 llI
1013 3015 1092 3076 papa
1109 2994 1299 3073 (Monachol,
1317 2995 1502 3077 patriarchae

195 3082 1503 3166 Hierosolymitano,et(Gaudentiolr'),archiepiscopoCaesariensi,scribit,sesenten-

195 3173 279 3252 tiam,
290 3193 385 3254 quam
396 3173 619 3251 (Theobaldus)
630 3173 832 3252 Acconensis,
844 3173 1074 3235 Tiberiadensis
1084 3189 1113 3235 et
1123 3173 1298 3250 Beritensis,
1307 3174 1455 3256 episcopi,
1465 3175 1503 3234 de

196 3281 287 3324 causa
298 3263 376 3324 inter
386 3261 653 3344 archiepiscopum
663 3263 837 3345 Tyrensem
849 3277 879 3324 et
889 3263 1059 3345 plebanum
1069 3262 1100 3324 S.
1108 3263 1202 3324 Marci
1209 3263 1371 3345 Tyriensis
1379 3283 1503 3325 versan-

196 3367 257 3413 tem
269 3352 510 3433 promulgarunt
520 3367 550 3412 et
561 3352 725 3433 episcopus
735 3353 905 3433 Paphensis
917 3352 974 3413 sibi
985 3351 1133 3430 attulerat,
1145 3371 1272 3431 cassare,
1284 3368 1313 3414 et
1323 3353 1458 3432 mandat,
1469 3368 1505 3414 ut

197 3441 411 3522 quodcunque
422 3441 522 3502 dictus
532 3441 781 3523 archiepiscopus
792 3440 888 3503 dictae
900 3440 1043 3503 ecclesiae
1054 3442 1156 3504 ducali
1167 3442 1197 3504 S.
1206 3442 1301 3503 Marci
1310 3443 1503 3504 Venetorum

196 3530 336 3592 basilicae
352 3528 506 3609 subjectae
522 3531 690 3609 abstulerit,
706 3531 892 3608 restituatur,
904 3550 1005 3611 quum
1017 3531 1117 3593 Ursus
1132 3531 1302 3593 Badoarius
1318 3549 1347 3593 et
1363 3532 1505 3593 Marinus
1613 3530 1617 3537 ’

197 3620 340 3699 Jacobus,
358 3620 448 3699 legati
459 3620 548 3681 ducis
558 3620 685 3681 Henrici
698 3620 844 3697 Danduli,
861 3621 1062 3699 ostenderint,
1072 3621 1208 3682 Venetos
1223 3621 1256 3682 in
1272 3621 1504 3703 recuperatione

196 3709 310 3770 Terrae
328 3710 457 3770 Sanctae
474 3709 592 3770 tertiam
610 3726 727 3790 partem
745 3709 821 3791 Tyri
838 3709 933 3790 pleno
949 3707 1016 3788 jure
1032 3710 1184 3792 accepisse
1201 3726 1230 3772 et
1247 3711 1344 3772 dictae
1361 3709 1504 3771 ecclesiae

197 3796 263 3876 jura
279 3819 296 3859 a
312 3799 475 3861 Clemente
486 3798 523 3860 Ill
533 3819 567 3860 ac
578 3799 757 3861 Coelestino
768 3799 805 3859 III
816 3799 903 3880 papis
913 3798 1094 3860 confirmata
1106 3800 1199 3861 fuisse
1210 3799 1470 3877 (Talei-Thomas
1483 3799 1504 3877 I,

197 3907 227 3969 p.
247 3890 432 3968 282-285,
451 3890 511 3950 Νο.
530 3890 588 3963 87;
606 3888 643 3949 cf.
662 3888 830 3950 Cornelius
847 3887 923 3967 XIII,
939 3904 1015 3970 part.
1034 3888 1055 3968 I,
1073 3909 1103 3969 p.
1124 3909 1180 3950 221
1195 3909 1202 3965 ;
1220 3889 1300 3951 Hist.
1312 3890 1382 3951 duc.
1394 3889 1503 3952 Vener.

198 3977 231 4039 in
247 3979 335 4039 Mon.
347 3979 453 4040 Germ.
467 3978 520 4039 SS.
533 3978 612 4055 XIV,
624 3997 654 4059 p.
665 3998 700 4056 91
716 3994 723 4050 ;
742 3978 861 4040 Chron.
874 3978 1021 4059 Danduli,
1031 3997 1062 4061 p.
1076 3971 1155 4059 3'19;
1173 3979 1320 4058 Porthast,
1331 3979 1392 4040 No.
1408 3998 1483 4040 1001
1496 3997 1503 4053 ;

198 4087 291 4151 supra
307 4068 369 4129 No.
387 4068 470 4147 730).
1435 4063 1505 4126 770

279 4220 298 4252 ,,
345 4173 452 4255 April,
471 4173 534 4235 ind.
547 4174 592 4234 llI.
611 4179 728 4236 Accon.
739 4174 1007 4255 —Theobaldus,
1019 4174 1185 4257 episcopus
1195 4174 1340 4237 ecclesiae
1357 4175 1386 4238 S.
1395 4173 1505 4236 Crucis

198 4263 399 4340 acconensis,
424 4263 575 4345 Hospitali
599 4282 653 4344 per
677 4282 807 4324 manum
830 4263 972 4326 Gaufridi
988 4265 1027 4326 de
1044 4265 1174 4326 Donion
1196 4264 1339 4327 concedit
1358 4279 1388 4326 et
1404 4264 1505 4344 sigillo

199 4352 361 4415 confirmat
384 4352 577 4414 cimeterium
602 4351 671 4431 ejus
694 4351 776 4431 juxta
799 4353 952 4415 civitatem
976 4358 1093 4432 Acron,
1118 4354 1232 4436 inquo
1254 4354 1341 4415 liceat
1357 4354 1505 4435 capellam

197 4441 358 4504 aedificare
373 4442 412 4503 ad
423 4442 563 4503 divinum
582 4441 732 4521 officium,
744 4443 873 4522 quando
888 4442 993 4521 vellat,
1011 4443 1240 4506 celebrandum.
1257 4444 1414 4504 Praeterea
1424 4442 1504 4524 epis-

200 4550 297 4612 copus
314 4531 486 4613 pollicetur,
509 4551 541 4592 se
558 4546 665 4592 contra
683 4550 793 4592 omnes
810 4531 954 4593 immicos
970 4531 1140 4614 Hospitalis
1155 4533 1331 4594 secundum
1347 4530 1505 4614 privilegia

198 4640 215 4680 a
231 4638 358 4682 summo
368 4620 515 4702 pontifice
526 4620 644 4682 indulta
655 4619 803 4697 justitiam
815 4620 967 4683 facturum
985 4637 1014 4684 et
1028 4622 1258 4704 inperpetuum
1268 4623 1506 4683 observaturum

199 4728 274 4789 esse,
285 4729 366 4790 quae
377 4709 576 4771 continentur
592 4709 625 4770 in
642 4710 701 4771 isto
718 4709 879 4791 privilegio
896 4729 953 4792 pro
971 4711 1069 4772 forma
1080 4711 1255 4793 pacisinter
1264 4731 1296 4772 se
1306 4726 1336 4772 et
1347 4710 1505 4792 Hospitale

199 4811 339 4882 tempore
356 4800 523 4880 praesentis
540 4816 637 4860 cartae
655 4799 846 4861 reformatae.
857 4800 1081 4862 -Canonici:
1100 4801 1252 4863 Radulfus
1263 4800 1505 4880 cantor,J0han-

200 4907 254 4951 nes
286 4889 504 4966 thesaurarius,
538 4889 722 4965 Richardus,
754 4889 917 4951 Albericus
942 4890 1058 4969 Remis,
1084 4890 1241 4952 lohannes
1267 4890 1504 4971 Longobardus,
