3398 5400
611 350 691 425 regni
704 349 966 426 Hierosolymitani.
1377 375 1437 438 253

136 573 307 740 IAlltprepss.
326 576 530 637 Monatsschr.
554 578 645 653 1882,
663 576 743 655 xlx,
768 595 798 656 p.
817 577 891 655 639,
910 575 969 635 N0.
994 576 1046 649 183
1072 574 1197 636 Forsch.
1215 574 1295 651 XXI,
1316 593 1345 654 p.
1363 594 1441 720 ⁴3on,

167 684 196 724 0.
215 684 233 742 9
251 711 257 724 .

180 768 299 849 (1222)
315 772 386 832 199.
410 792 456 833 19.
481 772 567 852 Tyri.
584 805 628 815 —
646 771 797 851 Pelagius,
822 769 911 832 Sedis
934 769 1130 850 Apostolicae
1154 769 1272 849 legatus
1292 769 1325 830 in
1342 784 1440 830 trans-

136 859 1441 941 marinispartibns,conciliocum(Radulfo),patriarchaHierosolymitano,(Simone),

136 949 367 1031 archiepiscopo
377 950 520 1032 Tyrensi,
533 950 959 1027 (1191991191,Β9111199111999,
978 963 1007 1010 et
1023 948 1440 1026 (Ε9919911191),1191991999,

136 1037 298 1119 episcopis,
309 1058 434 1100 necnon
443 1040 567 1118 (lvone),
578 1041 694 1100 Montis
702 1040 789 1117 Sion,
802 1038 970 1118 (Radulfo),
982 1039 1012 1099 S.
1023 1039 1136 1100 Mariae
1148 1039 1186 1099 de
1197 1037 1274 1099 valle
1284 1038 1440 1119 iosaphat,

136 1142 165 1187 et
176 1127 355 1206 (Facundo),
366 1129 397 1190 S.
410 1128 524 1190 Mariae
536 1130 670 1207 Latinae,
682 1130 853 1207 abbatibus,
866 1129 982 1206 habito,
995 1142 1025 1189 et
1035 1147 1139 1189 coram
1157 1128 1230 1209 ipsis
1246 1128 1348 1207 sigillo
1365 1147 1440 1189 con-

138 1215 247 1295 firmat,
265 1238 297 1278 se
314 1219 556 1279 controversiam
573 1220 653 1280 inter
668 1220 838 1280 Januenses
854 1233 884 1278 et
900 1218 1028 1278 Pisanos
1045 1218 1129 1278 urbis
1146 1223 1254 1278 Accon
1270 1232 1440 1278 vertentem

137 1303 241 1383 bajulo
251 1307 443 1368 Venetorum
454 1309 685 1388 disceptandam
702 1307 903 1386 commisisse,
915 1327 1015 1387 quum
1032 1307 1111 1368 inter
1126 1323 1185 1368 tres
1202 1307 1441 1368 communitates

137 1394 212 1455 olim
230 1394 429 1474 jurejurando
446 1413 596 1458 statutum
613 1398 728 1476 luisset,
753 1413 787 1458 ut
803 1397 955 1457 discordia
973 1397 1053 1457 inter
1069 1397 1145 1457 duas
1165 1412 1269 1457 exorta
1285 1397 1440 1457 mediante

136 1485 222 1545 tertia
231 1485 398 1547 tolleretur.
407 1522 438 1526 —-
452 1487 616 1566 Oliverius,
625 1487 701 1548 sacri
710 1487 829 1567 imperii
841 1487 989 1564 notarius,
1000 1485 1182 1567 exemplavit
1194 1486 1310 1565 (lanua,
1318 1486 1441 1549 Archiv.

138 1593 244 1634 mazzo
261 1575 315 1650 lll;
341 1575 425 1636 dedit
441 1577 479 1637 D.
497 1577 593 1638 Corn.
611 1576 823 1654 Desimoni).1)
1371 1573 1442 1633 955

213 1680 233 1743 ¹)
252 1678 338 1731 Anno
357 1696 420 1732 1222
436 1677 529 1732 Pisani
544 1696 609 1733 cum
620 1679 809 1733 januensibus
824 1679 851 1732 in
866 1678 977 1734 civitate
985 1680 1086 1734 Accon
1097 1696 1224 1750 pugnam
1236 1678 1442 1734 commiserunt

137 1759 165 1802 et
184 1747 274 1820 fugati
295 1748 371 1803 urbis
392 1762 502 1820 partem
523 1768 658 1822 magnam
679 1762 888 1819 cremaverunt,
908 1750 1073 1821 praesertim
1094 1750 1314 1821 pulcherrimam
1335 1763 1441 1804 turrem

137 1820 300 1874 communis
315 1820 472 1875 Januensis.
501 1823 525 1875 A
540 1838 608 1892 rege
621 1822 753 1877 19119999
767 1821 855 1893 adjuti
869 1823 965 1876 denuo
980 1821 1169 1876 januensibus
1183 1822 1346 1876 restiterunt
1360 1822 1442 1877 novis

137 1890 273 1945 incendiis
285 1893 372 1946 multa
385 1893 488 1946 damna
500 1893 661 1962 inferentes,
672 1894 721 1947 sed
735 1895 868 1947 «demum
883 1894 918 1946 ad
932 1892 1141 1947 restitutionem
1151 1933 1239 1946 ......
1254 1893 1442 1948 bisantiorum

137 1963 860 2035 919991991191919991...,9999991999919919911
871 1964 1371 2035 Scriba(hlon.Germ.SS.XVlll),p.
1386 1983 1392 2018 1
1400 1983 1441 2037 50.

226 2111 245 2141 ,‚
291 2069 362 2129 199.
374 2088 424 2147 23,
436 2067 500 2129 iud.
511 2068 560 2128 111.
572 2073 678 2128 Accon
690 2068 721 2129 in
733 2068 858 2129 ecclesia
869 2068 899 2128 S.
911 2068 1005 2129 Marci
1016 2069 1218 2130 Venetorum.
1228 2068 1442 2149 —Philippus

137 2157 317 2233 Comarius,
336 2156 457 2235 bajulus
469 2158 670 2232 Venetorum,
692 2158 833 2238 precibus
850 2157 972 2238 Ugonis
983 2157 1176 2235 Camellani,
1194 2158 1331 2218 consulis
1347 2159 1440 2219 Janu-

137 2245 229 2324 ensis,
254 2261 283 2306 et
306 2246 420 2325 Pechii,
445 2247 582 2308 consulis
607 2248 800 2326 Pisanomm,
825 2247 1005 2325 terminum,
1030 2267 1095 2327 quo
1116 2247 1154 2308 lis
1178 2248 1258 2308 inter
1278 2263 1442 2328 utramque

138 2336 397 2396 communitatem
413 2352 517 2398 exorta
536 2337 632 2417 ipsius
649 2336 764 2415 judicio
782 2336 979 2416 disceptetur,
997 2357 1097 2417 usque
1114 2338 1151 2398 ad
1169 2338 1308 2398 medium
1325 2337 1442 2398 lulium

140 2425 317 2504 proximum
335 2426 509 2505 prolongat.
526 2461 570 2468 —
586 2426 705 2487 Blasius
722 2426 930 2505 Simiteculus,
956 2427 1096 2487 Marchio
1113 2428 1318 2503 Lombardus,
1336 2427 1442 2488 Guido

138 2518 302 2576 Acotanto.
344 2515 549 2576 Richobonus
574 2517 745 2577 Coxannus
772 2516 910 2576 notarius
939 2532 1102 2597 praecepto
1128 2516 1251 2593 Andali,
1279 2516 1442 2577 Januensis

139 2605 306 2684 potestatis,
325 2624 340 2665 e
358 2605 484 2685 publico
507 2604 716 2666 instrumento
742 2607 820 2667 facto
847 2625 902 2687 per
927 2625 1056 2667 manum
1082 2607 1188 2667 Oberti
1216 2607 1253 2666 de
1279 2607 1442 2666 Braibante

139 2694 249 2754 notarii
260 2694 463 2775 transscripsit
472 2695 590 2772 (lanua,
602 2695 726 2756 Archiv.
738 2714 844 2755 mazzo
854 2695 904 2770 111;
917 2695 1002 2755 dedit
1013 2697 1050 2757 D.
1062 2697 1158 2756 Corn.
1171 2695 1354 2772 Desimoni).
1372 2693 1442 2753 956

226 2855 245 2885 „
292 2811 363 2871 199.
380 2844 425 2853 -
445 2811 603 2871 lohannes
627 2812 664 2871 de
689 2812 808 2889 lbilino,
832 2812 981 2874 dominus
1004 2813 1117 2893 Berity,
1135 2805 1261 2873 Venetis
1285 2810 1442 2894 privilegia

139 2914 225 2959 antea
236 2919 392 2978 concessa,
403 2900 528 2961 Andrea
540 2900 699 2961 Michaelis
714 2902 826 2962 nuntio
837 2901 988 2981 exigente,
1000 2917 1091 2979 auget
1107 2917 1137 2962 et
1152 2902 1253 2982 sigillo
1270 2901 1441 2964 confirmat.

137 3022 181 3032 —
198 2989 361 3049 Rainerius
384 2989 421 3050 de
448 2989 585 3065 Mimars,
609 2990 721 3051 Simon
743 2991 918 3071 Joppensis,
942 2991 1083 3052 Thomas
1107 2991 1144 3051 de
1168 2991 1266 3068 Retel,
1293 2992 1443 3054 Girardus

139 3078 708 3158 19999,Τε19199(Τ9111999)Β191199,
720 3080 859 3141 Climens
876 3082 914 3141 de
925 3079 1061 3158 Gibelin,
1072 3080 1246 3141 Balduinus
1256 3083 1294 3142 de
1306 3081 1442 3158 Gibelin,

138 3167 248 3228 Simon
266 3168 430 3246 Grimaud,
456 3170 629 3229 Matthaeus
646 3169 684 3229 de
701 3169 830 3248 Nellslin
855 3170 1118 3247 (Tafel-Thomas
1134 3170 1169 3248 11,
1194 3190 1223 3250 p.
1244 3190 1442 3251 232—234,

138 3258 198 3318 No.
218 3259 297 3333 262;
324 3257 362 3319 cl.
380 3259 529 3318 Archives
546 3259 575 3319 d.
593 3259 677 3320 miss.
696 3259 824 3320 scientif.
843 3260 877 3337 11,
895 3279 925 3340 p.
945 3261 1028 3340 358).
1373 3257 1441 3319 957

227 3413 246 3442 ,‚
292 3367 350 3427 Jul.
367 3387 414 3446 15,
432 3366 496 3428 ind.
509 3367 559 3427 lX.
578 3372 685 3427 Accon
697 3367 729 3426 in
739 3368 865 3428 ecclesia
882 3368 912 3429 S.
926 3367 1020 3428 Marci
1034 3369 1234 3430 Venetorum.
1247 3402 1290 3411 —
1300 3367 1442 3447 Pechius,

138 3456 248 3516 consul
260 3454 453 3533 Pisanorum,
472 3471 501 3517 et
517 3456 589 3534 Ugo
600 3456 820 3536 Cancellarius,
832 3458 943 3518 consul
952 3458 1167 3536 Januensium,
1179 3476 1282 3518 coram
1294 3458 1442 3519 Guidone

138 3550 303 3622 Acotan10,
321 3546 375 3624 qui
392 3545 527 3626 Philippi
545 3546 699 3621 Cornarii,
724 3545 817 3624 baiuli
837 3547 1039 3625 Venetorum,
1064 3547 1144 3607 vices
1160 3549 1295 3625 gerebat,
1313 3562 1342 3607 et
1359 3567 1443 3628 pres-

138 3637 246 3716 bytero
261 3634 391 3695 Nicolao
408 3636 446 3695 de
462 3634 600 3695 Vercella
617 3635 811 3715 confirmant,
828 3656 859 3696 se
876 3635 1056 3715 terminum,
1074 3636 1150 3697 19119
1168 3655 1263 3716 quem
1280 3636 1347 3697 lites
1364 3637 1444 3697 inter

137 3739 300 3804 utramque
311 3725 567 3786 communitatem
578 3740 700 3786 exortae
711 3725 926 3807 disceptandae
937 3741 1047 3804 essent,
1059 3725 1200 3806 precibus
1211 3726 1352 3788 Cornarii
1371 3745 1443 3807 pro-

138 3832 271 3892 rogasse.
295 3847 338 3857 —-
363 3815 509 3895 Magister
534 3814 688 3875 Henricus
711 3814 813 3893 judex,
838 3816 982 3894 magister
1004 3816 1158 3876 Robertus
1182 3814 1284 3893 judex,
1309 3815 1381 3894 Ugo
1405 3817 1443 3875 de

137 3904 291 3981 Todesc0,
317 3905 482 3965 Conradus
513 3903 685 3981 Quaracus,
719 3905 872 3965 Martinus
904 3905 1089 3983 Archantus,
1115 3905 1272 3966 lohannes
1302 3905 1442 3984 Longus,

139 3993 283 4070 magister
300 3994 432 4054 Michael
448 3993 554 4054 scriba.
573 3991 779 4055 Richobonus
797 3996 967 4056 Coxannus
983 3995 1122 4055 notarius
1140 4010 1302 4074 praecepto
1318 3994 1441 4070 Andali,

137 4082 300 4143 Januensis
311 4083 479 4164 potestatis,
496 4103 512 4143 e
530 4082 655 4164 publico
672 4083 880 4144 instrumento
892 4083 972 4145 facto
983 4103 1037 4165 per
1047 4102 1176 4144 manum
1188 4083 1294 4144 Oberti
1305 4084 1343 4144 de
1361 4083 1443 4144 Brai-

138 4173 357 4340 bante)notarii
375 4172 580 4253 transscripsit
603 4172 721 4250 (19999,
739 4172 863 4233 Archiv.
881 4193 988 4234 mazzo
1005 4173 1058 4251 lll;
1084 4173 1168 4233 dedit
1185 4173 1222 4233 D.
1240 4174 1336 4234 Corn.
1355 4173 1443 4322 1)ξέἰῦ

138 4281 224 4322 19991
241 4310 247 4322 .

227 4416 246 4446 ,,
293 4369 404 4431 Octob.
421 4371 466 4448 18,
484 4370 548 4432 iud.
560 4370 611 4432 IX.
629 4376 737 4432 Accon
753 4371 786 4431 in
803 4371 900 4432 domo
912 4369 1089 4451 Hospitalis.
1101 4402 1144 4413 -
1155 4369 1320 4448 Henricus,
1338 4389 1443 4431 comes

138 4459 362 4539 Ruthenensis,
379 4459 523 4521 codicillo
534 4461 615 4520 varia
626 4459 763 4541 disponit
774 4475 804 4521 et
814 4460 946 4522 ordinat.
963 4494 1008 4504 —
1024 4459 1106 4521 lnter
1121 4474 1212 4520 testes
1229 4459 1441 4520 transmarini:

139 4549 285 4626 Magister
300 4549 498 4629 Bertrandus,
516 4550 661 4628 magister
684 4551 801 4626 Petrus,
828 4549 1000 4628 Maurinus,
1025 4549 1160 4631 physici;
1186 4549 1326 4625 Pontius,
1351 4550 1441 4630 drap-

138 4637 242 4718 parius
259 4639 439 4720 Hospitalis,
458 4639 564 4700 fratres
583 4640 746 4717 Marsilius,
769 4640 947 4720 Stephanus
963 4640 1001 4701 de
1018 4639 1180 4718 Malavilla,
1199 4638 1388 4699 Bertrandus
1405 4639 1443 4699 de

139 4728 310 4806 Macerolis,
321 4728 478 4790 Gilbertus
489 4730 527 4789 de
537 4729 594 4790 Boi
606 4745 635 4790 et
647 4729 791 4808 magister
800 4730 838 4789 de
849 4729 952 4810 Rupe,
963 4729 1083 4789 milites.
1091 4729 1306 4790 —Bemardus
1317 4728 1354 4788 de
1363 4726 1442 4788 Villa

140 4816 274 4892 11999119,
286 4819 424 4879 notarius
436 4819 589 4899 publicus,
601 4819 720 4899 scripsit
737 4833 766 4879 et
782 4839 840 4880 suo
851 4837 885 4879 ac
896 4817 1017 4880 comitis
1027 4817 1128 4896 sigillo
1139 4817 1272 4878 munivit
1284 4817 1443 4894 (Martene,

138 4908 241 4987 Ampl.
258 4907 387 4970 Collect.
406 4908 426 4985 l,
445 4927 474 4988 p.
499 4910 729 4981 1168-11723
756 4908 918 4986 Rbhricht,
936 4908 1077 4985 Studien,
1095 4927 1124 4988 ρ.
1143 4906 1297 4986 74-75).
1372 4904 1443 4964 959
