3398 5400
571 382 650 452 regni
665 381 925 456 Hierosolymitani.
1339 411 1395 470 ¹05

91 476 169 483 —--—-
202 479 377 486 ——-.—.
448 480 515 485 ...-...
550 481 555 486 .
578 480 618 485 ..-
722 480 761 485 -.-
929 480 935 487 .
966 480 1035 485 --—
1050 480 1122 485 .-—
1145 480 1396 487 -.-.-—--.....

92 604 253 685 Stephani,
264 603 399 680 Radulli,
410 604 547 686 episcopi
558 604 793 666 Bethleemitani
807 605 951 685 regisque
968 604 1149 677 cancellarii,
1168 605 1199 665 in
1216 606 1276 665 boc
1293 604 1397 666 officio

90 692 317 770 vicefungentis
333 693 494 772 (Cibrario‚
512 713 541 774 p.
562 713 641 775 2353
660 694 806 769 Ferrand,
824 713 853 775 p.
874 713 1019 774 30-31;
1047 694 1194 755 Archives
1210 695 1248 755 de
1264 694 1398 756 l'Orient

90 780 166 843 latin
184 782 207 843 ll
216 784 250 862 B,
269 803 298 865 p.
321 804 391 863 140,
408 785 469 845 N0.
489 783 549 860 22).
1327 781 1395 843 397

136 899 243 979 (1164
259 900 471 982 April-Mai).
482 935 525 945 —
535 901 723 979 Glaufridus)
735 901 921 980 Fulchlerii),
931 901 1057 983 Templi
1073 921 1242 964 conservus
1259 902 1396 975 humilis,

91 991 318 1067 Ludoviconl,
330 991 392 1071 regi
403 992 604 1068 Francorum,
616 992 745 1068 nuntiat,
756 1011 787 1052 se
798 1011 908 1052 sanum
919 997 1026 1053 Accon
1038 992 1191 1072 appulisse
1203 1007 1232 1052 et
1241 991 1395 1053 annulum

90 1081 222 1159 singulis
245 1081 321 1141 locis
340 1081 452 1141 sanctis
476 1080 656 1161 impositum
681 1080 856 1142 transmittit
878 1080 1028 1159 (Bongars
1044 1082 1064 1160 l,
1089 1102 1118 1163 p.
1142 1083 1234 1161 1183,
1258 1083 1318 1142 Νο.
1339 1083 1395 1155 263

91 1171 258 1232 Ducbesne
275 1170 324 1247 lV,
341 1190 370 1251 p.
388 1191 461 1248 702,
478 1171 539 1232 No.
555 1191 633 1251 3723
653 1173 797 1252 Bouquet
812 1171 892 1249 XVI,
909 1190 938 1252 p.
954 1173 1092 1252 38-39,
1108 1172 1168 1232 No.
1187 1190 1262 1251 ¹243
1281 1171 1397 1247 Migue,

90 1279 121 1340 p.
145 1262 370 1337 1280—1281,
390 1261 450 1321 Νο.
470 1260 532 1340 24).
1327 1259 1397 1320 398

136 1367 147 1444 (
185 1412 204 1442 ,,
251 1365 462 1449 April.-Mai.).
474 1401 517 1411 —
528 1367 735 1445 Rertrlandus)
746 1368 784 1429 de
795 1366 978 1442 Blancalort,
995 1368 1139 1447 magister
1148 1368 1283 1449 Templi,
1295 1367 1396 1429 eidem

89 1456 154 1535 regi
177 1457 287 1537 gratias
310 1457 371 1535 agit
394 1476 450 1537 pro
474 1456 710 1518 honorificentia
727 1456 907 1534 Glaulredol
931 1457 1106 1534 Fulchlerii)
1123 1459 1161 1518 ab
1178 1458 1246 1538 ipso
1263 1456 1396 1518 exhibita

89 1547 299 1607 miserrimum
317 1547 505 1628 principatus
522 1547 712 1609 Antiocheni
731 1562 843 1608 statum
868 1566 1028 1628 exponens
1052 1546 1201 1625 (Bongars
1218 1547 1237 1620 l,
1260 1566 1289 1626 p.
1315 1548 1390 1608 1181

88 1637 238 1710 -1182‚
262 1636 322 1696 No.
343 1656 399 1707 22;
432 1637 599 1698 Ducbesne
616 1637 664 1708 lV,
689 1657 717 1717 p.
737 1638 809 1716 699,
833 1638 894 1698 No.
915 1636 994 1716 3653
1025 1638 1173 1717 Bouquet
1189 1636 1268 1714 XVI,
1295 1656 1324 1717 p.
1345 1655 1395 1715 39,

88 1726 150 1786 No.
174 1745 248 1805 1253
275 1725 392 1804 Migne,
410 1745 439 1806 p.
464 1728 688 1803 1277-1278,
705 1727 766 1788 No,
786 1726 847 1802 21).
1326 1724 1397 1785 399

178 1887 197 1915 .,
243 1840 302 1902 Jul.
326 1862 373 1922 15,
391 1842 455 1904 ind.
474 1843 536 1903 Xll.
562 1842 705 1904 Ascalon.
722 1877 766 1887 -
783 1843 956 1904 Amalricus
973 1842 995 1919 1,
1012 1862 1065 1903 rex
1081 1841 1394 1923 Hierosolymitanus,

88 1931 1396 2013 canonicisSSepulchriprivilegiumbalduinilll(No.74)repetitetsupra(No.354,

90 2019 1396 2103 356,364,368,377)laudataconfirmat,sedquaedamdeperditamemoraqscilicet

87 2111 126 2171 de
137 2108 257 2188 jardino
270 2111 419 2171 Mainardi
432 2111 469 2172 de
481 2112 584 2184 Portu,
595 2112 682 2191 quod
694 2110 775 2173 filius
785 2110 851 2190 ejus
863 2111 1061 2172 Raimundus
1077 2111 1109 2172 in
1119 2111 1323 2173 conversione
1339 2131 1395 2173 sua

87 2199 185 2261 sactus
194 2199 284 2260 lrater
293 2200 322 2261 S.
332 2200 493 2281 Sepulchri
505 2200 628 2277 dedit¹),
639 2201 677 2261 de
687 2216 765 2262 terra
777 2200 856 2262 inter
865 2216 949 2282 septa
957 2201 1125 2262 Jerusalem
1137 2200 1193 2261 sita
1203 2220 1238 2261 ac
1248 2200 1396 2263 domibus

86 2304 116 2349 et
132 2289 316 2350 stationibus
333 2290 457 2351 Martini
468 2291 655 2362 Caraoanae,
673 2290 832 2371 inquibus
848 2290 999 2364 canonici,
1010 2291 1161 2371 quicquid
1176 2290 1281 2365 velint,
1298 2290 1394 2351 facere

85 2379 215 2449 valeant,
232 2379 291 2439 nisi
308 2379 393 2459 quod
412 2380 475 2461 regi
492 2380 549 2460 ipsi
570 2379 668 2456 liceat,
686 2381 869 2460 quicunque
886 2400 959 2442 vero
976 2381 1186 2454 cambiatores,
1212 2395 1395 2442 mercatores

86 2468 134 2529 vel
158 2466 288 2545 alicujus
311 2467 428 2529 artificii
452 2484 570 2530 actores
592 2468 687 2530 libere
711 2485 739 2530 et
762 2470 865 2551 quiete
889 2469 1030 2531 officium
1053 2489 1148 2532 suum
1172 2484 1327 2550 peragant.
1350 2503 1394 2512 —

84 2557 253 2630 lohannes,
273 2558 486 2635 paneadensis,
504 2558 664 2637 Ricardus,
682 2560 874 2632 Andriensis,
892 2559 1039 2641 episcopi,
1057 2558 1220 2635 Radulfus,
1239 2558 1324 2640 prior
1340 2558 1394 2619 Se-

85 2647 235 2707 bastensis
253 2646 468 2726 (Sebastenusl,
485 2646 651 2725 Galterius,
669 2649 812 2730 princeps
830 2649 994 2725 Galilaeae,
1010 2649 1204 2710 Humftedus
1215 2649 1253 2709 de
1261 2649 1393 2709 Torono

86 2736 343 2813 constabularius,
361 2736 442 2798 filius
459 2736 526 2814 ejus
542 2738 723 2813 Umfredus,
735 2738 886 2801 Girardus
903 2739 1117 2820 sydoniensis,
1135 2737 1297 2818 Philippus
1313 2738 1394 2798 Nea-

85 2825 252 2906 politanus,
263 2826 368 2907 Hug0,
379 2827 527 2888 dominus
538 2827 754 2902 Caesariensis,
765 2828 872 2890 Guido
883 2828 1072 2907 Francigena
1089 2826 1285 2896 senescallus,
1295 2825 1393 2888 Fulco

84 2915 356 2996 Tyberilaldensis,
389 2917 597 2978 Gormundus
621 2917 872 2998 Tyberiadensis,
899 2918 1053 2978 Henricus
1078 2916 1226 2991 Bubalus,
1257 2915 1330 2976 Odo
1355 2916 1393 2976 de

86 3004 117 3066 S.
142 3006 288 3066 Amando
314 3006 470 3085 pincerna,
494 3006 675 3067 Willelmus
700 3007 912 3080 marescalcus,
940 3007 1128 3085 Rolblardus
1157 3005 1392 3087 Neapolitanus,

85 3093 267 3169 Balduinus,
284 3095 456 3156 vicecomes
473 3094 888 3173 Neapolitanus,Anselmus
905 3097 942 3157 de
959 3096 1039 3167 Brie,
1057 3095 1392 3176 Rolblardusloppen-

84 3183 136 3261 sis,
154 3184 295 3264 Paganus
312 3185 349 3245 de
367 3186 449 3260 Vob,
466 3185 623 3246 locelinus
641 3184 822 3263 Pelslsellus,
846 3186 944 3247 Ottho
960 3186 998 3246 de
1016 3186 1173 3262 Risberge.
1208 3186 1321 3246 Datum
1339 3204 1394 3266 per

84 3292 215 3334 manum
228 3273 361 3351 Radulfi,
374 3275 614 3335 Bethlehemirae
632 3275 769 3356 episcopi
785 3276 929 3356 regisque
941 3275 1111 3336 cancellarii
1123 3274 1273 3352 (Roziere,
1286 3295 1314 3355 p.
1329 3281 1390 3335 aba

83 3363 205 3439 -268,
222 3364 282 3424 Νο.
302 3382 376 3443 ι44;
395 3364 469 3425 Lois
487 3362 544 3443 [ed.
562 3363 716 3444 Beugnot]
736 3365 769 3437 ll,
787 3385 817 3446 p.
839 3385 910 3444 524,
928 3366 989 3426 No.
1010 3384 1066 3445 393
1087 3365 1201 3444 Migne,
1218 3385 1248 3446 p.
1267 3384 1393 3444 1232-

90 3452 182 3533 1236,
200 3454 260 3514 No.
285 3473 360 3533 ¹443
386 3453 423 3515 cf.
441 3454 588 3515 Wauters
604 3454 637 3530 ll,
655 3474 684 3535 p.
702 3455 788 3535 453).
1322 3450 1393 3512 400

160 3556 180 3622 ¹)
199 3553 317 3610 Roziere
331 3572 358 3626 p.
373 3554 424 3627 278
437 3554 532 3623 (1168)
546 3554 622 3611 idem
637 3555 814 3627 privilegium
827 3555 937 3612 citatur.

173 3706 192 3736 ‚,
240 3666 320 3738 Aug.
345 3662 391 3721 16.
409 3693 452 3703 -
470 3661 576 3736 Maria,
594 3661 722 3723 domina
739 3661 842 3735 Beriti,
863 3661 1029 3723 conventui
1048 3660 1078 3723 S.
1096 3660 1200 3722 Lazari
1217 3661 1255 3721 de
1271 3662 1391 3721 Jerusa-

82 3751 144 3811 lem
162 3750 190 3810 X
207 3750 354 3811 bisantios
371 3750 479 3829 regalis
496 3766 640 3812 monetae
657 3752 818 3813 annuatim
835 3751 873 3812 de
891 3751 979 3812 casali
997 3750 1178 3830 Musecaqui
1189 3749 1390 3828 (Mureraqui)

83 3839 278 3920 recipiendos
294 3840 445 3901 concedit.
457 3874 501 3883 —
512 3841 713 3921 Maynardus,
725 3841 889 3922 episcopus
901 3840 1075 3915 Beritensis,
1087 3838 1191 3900 Helias
1203 3854 1391 3920 praecentor,

82 3929 190 3991 Petrus
214 3929 393 4003 canonicus,
419 3930 561 4005 paganus
578 3930 661 3991 Cum
677 3931 780 4003 Testa,
806 3931 985 3991 Baldwinus
1002 3930 1040 3990 de
1062 3931 1210 4004 Maraant,
1235 3929 1391 3989 Robertus

82 4018 121 4078 de
138 4023 266 4091 Ancort,
284 4018 390 4080 Letius
407 4035 436 4080 et
452 4019 619 4081 Gauterius
637 4020 751 4080 Hardel
774 4019 884 4080 milites
908 4018 1068 4096 (Cibrario,
1087 4039 1116 4099 p.
1136 4039 1215 4098 2353
1241 4019 1389 4091 Ferrand,

81 4128 112 4189 p.
132 4128 188 4188 303
214 4107 362 4169 Archives
379 4110 417 4170 de
434 4109 566 4170 l'Orient
583 4109 657 4170 latin
675 4110 699 4170 ll
709 4110 741 4185 B,
760 4129 789 4190 p.
814 4130 883 4189 141,
901 4111 961 4170 No.
981 4110 1043 4189 23).
1319 4105 1385 4167 401

172 4269 190 4299 ,‚
238 4229 330 4304 Aug,
358 4224 501 4285 ind.Xll.
535 4224 677 4286 Rivoalti.
703 4259 746 4267 -
769 4224 877 4286 Vitalis
901 4224 1042 4300 Michael,
1066 4222 1212 4284 Venetiae
1236 4223 1310 4300 dux,
1336 4244 1391 4305 per

80 4333 212 4375 manum
229 4313 383 4374 Leonardi
400 4313 543 4390 Fradelli,
566 4313 773 4394 procuratoris
790 4315 933 4375 ecclesiae
952 4314 980 4375 S.
1000 4311 1093 4374 Marci
1112 4312 1149 4371 de
1165 4312 1262 4394 Tyr0,
1280 4332 1389 4392 rugam

81 4404 158 4466 olim
176 4402 302 4465 Venetis
318 4402 394 4484 Tyri
411 4423 601 4480 concessam,
625 4404 678 4464 sed
703 4419 808 4484 postea
832 4418 959 4485 propter
982 4400 1227 4463 aedificationem
1244 4401 1389 4463 ecclesiae

81 4493 113 4556 S.
132 4493 227 4554 Marci
245 4492 403 4553 dimissam
421 4493 524 4566 donat,
542 4513 621 4573 quae
639 4512 714 4572 ruga
731 4490 812 4570 juxta
831 4509 951 4573 portam
976 4491 1151 4570 magistram
1169 4492 1206 4551 ad
1228 4491 1389 4553 introitum

81 4581 149 4658 ejus
167 4601 263 4662 prope
281 4597 408 4663 portum
425 4583 463 4642 ad
480 4581 559 4644 latus
576 4582 737 4643 sinistrum
753 4598 797 4642 est
814 4597 843 4643 et
859 4581 960 4642 firmat
979 4601 1046 4642 uno
1069 4579 1165 4661 capite
1183 4580 1214 4640 in
1231 4600 1307 4659 ruga
1325 4601 1389 4641 ma-

80 4671 174 4753 gistra
190 4686 221 4732 et
237 4672 433 4753 protenditur
450 4692 550 4752 usque
567 4672 605 4732 ad
623 4671 807 4732 divisionem
825 4672 905 4751 regis
922 4673 959 4732 ab
979 4686 1113 4750 utroque
1137 4669 1238 4745 latere,
1262 4669 1390 4751 insuper

82 4761 193 4823 darum
210 4776 239 4821 et
255 4761 382 4823 furnum
394 4762 626 4842 Tripolitanum
643 4776 673 4822 et
687 4761 771 4824 CCC
787 4760 856 4822 illos
873 4760 1020 4822 bisantios
1036 4759 1189 4840 concedit,
1206 4778 1286 4839 quos
1303 4777 1389 4819 com-

80 4869 179 4912 mune
188 4849 331 4912 Balduini
344 4850 504 4933 privilegio
515 4852 553 4912 de
561 4851 658 4912 funda
669 4851 758 4930 regis,
766 4867 871 4931 postea
882 4851 920 4911 de
931 4849 1218 4912 catenaAcconensi
1227 4849 1388 4910 annuatim

76 4939 255 5024 accipiebat,
272 4941 326 5001 sed
344 4939 441 5003 Fulco
458 4961 510 5003 rex
527 4961 544 5003 a
560 4957 699 5026 tempore
717 4941 851 5007 Rolaudi
870 4939 1040 5007 Contareni
1058 4937 1185 5004 retinuit
1204 4955 1234 5004 et
1249 4937 1388 5005 Leonat-
