3398 5400
193 612 353 687 monachi;
379 613 416 673 de
439 611 523 673 laicis
540 612 698 674 fratribus:
722 614 890 691 lohannes,
914 612 997 691 Odo,
1023 612 1176 674 Radulfus
1199 613 1239 674 de
1261 611 1496 694 Turcopolis,¹l

193 701 300 762 Petrus
316 701 483 783 baptizatus
499 717 529 763 et
545 701 627 763 lilius
644 701 719 781 ejus,
731 702 891 780 Gofridus,
903 702 1055 764 Martinus
1065 702 1212 782 Daragun
1223 702 1246 780 ³)
1263 719 1292 764 et
1309 721 1408 783 nepos
1422 700 1497 780 ejus,

194 790 346 869 Stefauus,
363 791 446 865 odo,
463 791 553 866 Galo,
571 792 750 867 Durannus‚
773 792 880 852 Petrus
896 793 934 852 de
951 791 1096 866 Cafarset,
1113 791 1253 870 Pontius,
1270 791 1453 853 Tancredus
1469 806 1498 852 et

194 878 275 940 lilius
297 878 371 959 eius,
397 880 602 958 Godofridus,
626 880 773 943 Giraldus
797 879 912 961 aliique
935 900 1031 962 quam
1054 880 1158 962 plures
1181 900 1254 943 cum
1278 880 1442 943 Galcherio
1459 881 1497 941 de

194 970 336 1041 Nazaret;
362 990 398 1031 ex
415 988 498 1050 parte
514 989 589 1030 vero
605 970 685 1031 Petri
701 971 740 1031 de
756 970 906 1031 Nimeues
923 985 952 1031 et
968 970 1065 1031 fratris
1081 969 1148 1049 ejus
1164 970 1260 1033 Petri:
1287 969 1496 1047 Raimundus,

194 1077 299 1119 comes
314 1059 537 1140 Tripolitanus,
555 1061 651 1139 Hugo
668 1060 734 1121 sine
752 1079 859 1135 censu,
877 1060 1122 1121 constabularius
1137 1060 1362 1141 Tripolitanus,
1376 1056 1497 1120 Willel-

195 1168 265 1208 mus
281 1149 426 1224 Porcelet,
445 1148 615 1226 Salamanc,
638 1149 765 1231 Pipinus
782 1150 819 1210 de
830 1149 990 1228 Vignoles,
1001 1148 1182 1210 Willelmus
1192 1149 1320 1225 Ervei,⁴l
1336 1150 1444 1211 Petrus
1459 1149 1498 1209 de

194 1237 342 1314 Luneres,
361 1238 505 1320 Ripertus
524 1239 669 1315 Malsanc,
695 1238 846 1316 Ridellus,
872 1239 989 1300 Montis
1006 1238 1162 1318 Peregrini
1185 1238 1378 1317 castellanus,
1402 1236 1497 1315 raiz⁶)

194 1327 385 1403 Escandar,⁶)
408 1328 584 1389 Bernardus
608 1327 639 1390 S.
657 1328 789 1406 Nazatii,
814 1328 904 1389 frater
927 1328 1125 1390 Raimuudus
1147 1327 1295 1407 Escatius,
1321 1328 1434 1408 Hugo;
1459 1327 1498 1388 de

195 1416 335 1477 fratribus
352 1417 538 1498 Hospitalis:
556 1416 747 1494 willelmus,
757 1418 912 1479 Jordanus
928 1417 1099 1497 Daviguus,
1110 1417 1241 1479 Pontius
1251 1417 1398 1500 Caiphae,
1414 1417 1498 1478 Pon-

194 1505 255 1566 tius
271 1505 301 1568 S.
316 1506 417 1586 Egidii
434 1505 528 1582 (Pauli
546 1507 567 1585 l,
585 1526 614 1588 p.
634 1508 818 1586 208-209,
835 1507 896 1568 No,
920 1507 999 1587 165).
1429 1503 1499 1564 389

268 1605 288 1676 ²)
305 1607 349 1661 De
362 1606 536 1679 Turcopulis
550 1606 585 1662 cl.
600 1606 691 1677 Paoli,
704 1625 730 1679 p.
741 1623 899 1680 409-5003
918 1607 972 1663 Del
985 1606 1210 1680 Turcopeliento
1226 1605 1391 1663 dell'otdine
1405 1607 1499 1662 Gero-

195 1676 357 1733 solimitano
377 1678 406 1733 in
426 1679 528 1734 Nuotu
548 1678 685 1734 Raccolta
706 1678 734 1733 di
755 1678 886 1750 opuscoli
900 1678 927 1733 di
947 1679 1042 1734 autori
1054 1677 1177 1735 Siciliani
1196 1678 1270 1751 1778,
1286 1679 1306 1747 l,
1319 1695 1345 1750 p.
1360 1677 1499 1747 28-1463

194 1747 282 1804 Henri
295 1751 329 1805 de
340 1750 466 1817 Curzon,
479 1749 567 1821 Regle
581 1750 632 1805 des
646 1749 816 1821 Templiers,
830 1751 848 1819 ξ
863 1751 926 1823 1693
945 1749 1039 1806 Alwin
1051 1750 1178 1820 Schultz,
1191 1751 1249 1805 Das
1260 1748 1390 1805 hdfische
1400 1750 1499 1804 Leben

195 1820 226 1890 ll,
239 1838 266 1892 p.
283 1823 435 1894 169-1703
455 1823 551 1890 Prutz,
564 1820 764 1893 Culturgesch.
778 1822 805 1876 d.
819 1823 998 1895 Kreuzzllge,
1032 1865 1037 1876 .
1056 1821 1114 1892 186,
1128 1823 1187 1877 261.
1261 1824 1285 1890 ⁸)
1303 1822 1347 1876 De
1361 1823 1417 1876 Ara
1440 1826 1499 1876 onl

195 1896 219 1959 ⁴)
232 1891 307 1948 Alias
321 1892 414 1948 Arvei.
489 1897 511 1958 ⁶)
531 1894 574 1947 De
588 1891 630 1947 his
645 1893 750 2019 tegulis
764 1891 956 1948 beduinorum
969 1839 1192 1949 veisenioribus
1205 1895 1295 1959 (arab.
1307 1892 1373 1961 reis)
1384 1893 1419 1948 cf.
1455 1891 1499 1947 ois

196 1965 252 2030 (ed.
265 1964 413 2035 Beugnot)
426 1965 447 2034 l,
460 1982 486 2036 p.
498 1966 548 2034 263
561 1964 593 2033 ll,
606 1981 633 2035 p.
645 1965 671 2019 X
700 1965 746 2033 lV,
760 1981 786 2036 p.
798 1980 867 2038 3773
886 1965 982 2034 Prutz,
993 1966 1010 2019 l.
1025 1982 1049 2020 c.
1062 1982 1090 2036 p.
1102 1981 1251 2038 250-253,
1261 1980 1328 2038 547;
1342 1966 1373 2020 E.
1385 1964 1418 2018 G.
1429 1963 1499 2037 Rey,

195 2037 250 2090 Les
264 2035 391 2092 colonies
406 2035 552 2107 franques,
565 2053 592 2106 p.
607 2037 755 2107 241-246.
830 2040 853 2104 ⁸)
872 2036 1041 2091 Alexander.

258 2129 355 2190 1163.
380 2165 425 2175 -
447 2130 637 2209 Balduinus,
662 2130 811 2192 dominus
835 2131 974 2210 Marasii,
998 2131 1156 2193 voluntate
1179 2130 1317 2210 Agathae
1344 2129 1448 2191 uxoris
1470 2145 1500 2191 et

196 2219 341 2299 Hugonis
358 2221 396 2281 de
414 2221 505 2302 Rupe
525 2219 633 2298 «cujus
651 2268 657 2282 .
684 2268 690 2282 .
717 2268 724 2282 .
742 2221 773 2281 di
789 2221 877 2281 locus
894 2237 947 2297 est,
965 2221 1004 2282 de
1020 2239 1086 2301 quo
1102 2235 1175 2281 sunt
1190 2219 1358 2297 locuturi»,
1374 2238 1500 2281 necnon

199 2311 323 2370 «Joccae
339 2309 459 2371 domini
471 2309 632 2371 Vanaverii
650 2309 741 2370 vicini
758 2307 897 2388 ejusdem
914 2310 993 2372 loci»
1013 2309 1166 2392 Hospitali
1185 2329 1239 2391 per
1256 2327 1385 2370 manum
1403 2308 1500 2370 fratris

198 2397 365 2460 Raimundi
383 2400 420 2460 de
438 2400 558 2460 Palacio
574 2398 681 2460 locum
698 2400 823 2461 Plattam
842 2419 914 2461 cum
932 2399 1036 2460 divisis
1053 2400 1186 2461 duarum
1197 2399 1356 2460 leucarum
1367 2398 1499 2459 circum-

195 2508 318 2569 quaque
336 2490 432 2549 donat
448 2505 476 2550 et
492 2489 594 2569 sigillo
612 2487 783 2550 confirmat.
809 2489 924 2550 Datum
942 2509 996 2570 per
1011 2508 1143 2550 manum
1159 2487 1286 2567 Arturii,
1306 2487 1454 2570 capellani
1471 2502 1501 2548 et

196 2578 375 2639 cancellarii.
393 2612 437 2621 —
453 2578 564 2639 Simon
579 2578 617 2638 de
630 2578 755 2655 RosetO,
767 2578 948 2658 Gaufridus,
960 2578 1137 2660 capellanus
1147 2577 1299 2655 Cissonis,
1310 2577 1500 2640 Guiscardus

197 2668 234 2728 de
252 2667 377 2744 Lovilla,
402 2667 568 2747 Brittellus‚
594 2667 785 2747 Reginaldus
801 2668 839 2728 de
864 2667 980 2745 Seusia,
1006 2666 1178 2746 Remigius,
1202 2666 1300 2728 Fulco
1324 2667 1362 2728 de
1384 2664 1500 2744 Arniis,

196 2756 275 2817 Raul
291 2757 329 2818 de
346 2757 560 2828 Archimonte,
577 2755 777 2834 Wlillelmusl
801 2758 839 2817 de
861 2757 958 2834 Petra,
983 2755 1183 2834 Guiscardus,
1208 2755 1326 2837 dapifer
1348 2754 1500 2832 comitiis),

194 2846 359 2925 Tertisius,
377 2845 526 2907 dominus
542 2847 580 2907 de
598 2845 748 2923 Varterin,
766 2846 885 2907 Foccea
896 2847 927 2923 (i)
944 2845 1117 2924 Vanaverii,
1143 2845 1326 2923 Balduinus,
1352 2843 1501 2905 dominus

199 2936 355 3012 Marasiae,
374 2941 470 3014 Agata
485 2955 575 3010 uxor,
596 2936 692 3014 Hugo
709 2935 757 3010 (de
775 2935 886 3017 Rupe).
912 2934 1119 3014 subjungitur
1135 2933 1272 2997 conditio
1289 2933 1450 3015 privilegii,
1468 2949 1502 2995 ut

199 3025 302 3086 fratres
317 3046 334 3085 a
351 3025 519 3106 pentecosti
537 3025 691 3105 usquead
708 3044 827 3086 annum
844 3025 950 3086 locum
967 3024 1180 3105 supradictum
1196 3023 1349 3103 muniant,
1361 3022 1501 3104 alioquin

198 3115 334 3175 eundem
350 3114 505 3175 Balduino
521 3133 740 3176 remansurum
756 3134 822 3175 esse
840 3114 935 3191 (Paoli
947 3115 968 3192 l,
980 3134 1009 3196 p.
1021 3133 1075 3194 41,
1087 3115 1148 3176 No.
1159 3132 1219 3194 403
1237 3113 1274 3174 cf.
1287 3133 1317 3194 p.
1328 3113 1414 3193 497).
1431 3110 1503 3172 390

286 3267 305 3298 „
352 3220 441 3296 ,ind
459 3221 511 3282 XI.
528 3255 571 3265 -
588 3220 773 3283 Eustachius
789 3237 818 3282 et
834 3225 940 3300 Agnes
957 3239 1045 3297 uxor,
1063 3221 1163 3282 Adam
1181 3220 1277 3300 Niger
1292 3234 1322 3281 et
1337 3219 1503 3281 Osmunda

199 3329 277 3371 uxor
293 3309 410 3391 filiique
426 3311 570 3372 Bertinus
586 3327 616 3371 et
632 3311 798 3388 Robertus,
810 3309 934 3391 liliaque
946 3309 1113 3389 Maholdis,
1125 3329 1204 3372 uxor
1214 3308 1339 3388 Stefani,
1351 3307 1503 3391 Hospitali

199 3419 253 3481 per
267 3418 397 3460 manum
414 3399 547 3461 Gisbcrti
564 3400 710 3479 magistri,
728 3400 756 3460 D
773 3400 912 3461 bisantiis
928 3399 1070 3480 acceptis,
1087 3400 1264 3461 concedunt
1279 3414 1390 3460 terram
1405 3417 1503 3480 prope

199 3489 229 3550 S.
248 3489 451 3569 Stephanum,
469 3507 549 3569 quae
565 3489 665 3551 vicina
682 3506 727 3551 est
742 3505 837 3550 terrae
860 3488 1029 3571 Hospitalis
1052 3487 1327 3569 Hierosolymitani
1344 3505 1373 3550 et
1389 3486 1504 3566 adjacet

198 3579 319 3639 duabus
334 3577 401 3655 viis,
422 3598 504 3640 «una
515 3598 650 3659 quarum
667 3578 851 3640 intrantibus
868 3595 897 3640 et
913 3577 1098 3640 exeuntibus
1115 3594 1236 3661 portam
1252 3576 1379 3639 civitatis
1394 3579 1504 3639 iheru-

198 3668 303 3743 salem,
315 3687 394 3748 quae
411 3666 523 3729 dicitur
540 3669 570 3731 S.
583 3667 709 3746 Stelani,
727 3683 772 3729 est
787 3669 901 3750 patula,
919 3667 1011 3729 altera
1027 3669 1065 3729 ad
1080 3668 1200 3730 Vallem
1210 3668 1357 3750 Josaphat
1373 3667 1505 3729 tendens

199 3758 291 3818 habet
307 3755 389 3835 juxta
404 3778 436 3817 se
454 3757 615 3819 cisternam
639 3773 736 3818 terrae
760 3758 892 3839 praelate
916 3756 1134 3839 pertinentem,
1151 3776 1231 3838 quae
1254 3756 1351 3839 aperit
1366 3776 1403 3818 os
1418 3775 1505 3819 com-

200 3866 330 3907 munem
340 3847 488 3909 haustum
499 3850 648 3929 praebens
659 3847 846 3908 viantibus».
871 3847 1000 3909 Factum
1011 3844 1505 3928 Almarricopatriarcha,Almar-

199 3936 262 3996 rico
280 3936 290 3996 l
306 3955 386 4015 rege.
404 3971 448 3979 -
466 3937 511 3998 De
523 3936 692 4017 Hospitali:
711 3936 827 4011 Petrus,
839 3935 984 4018 magister
993 3936 1187 4013 clericorum,
1198 3952 1227 3996 et
1237 3934 1327 3996 frater
1336 3935 1506 3997 Perusinus

199 4026 381 4102 sacerdotes,
401 4026 593 4107 Wyllermus
616 4025 776 4100 diaconus,
800 4024 907 4087 Guido
931 4026 968 4087 de
987 4027 1087 4087 Moun
1101 4025 1122 4103 ¹)
1145 4039 1334 4107 praeceptor,
1359 4024 1506 4086 Giraldus

199 4114 418 4193 thesaurarius,
429 4116 484 4195 qui
502 4117 601 4177 dictus
617 4130 664 4175 est
679 4116 717 4176 de
734 4115 900 4176 S.Andrea
916 4131 945 4176 et
961 4115 1052 4176 solvit
1067 4114 1220 4195 praefatos
1236 4112 1394 4192 bisantios,
1411 4113 1506 4193 Piota,

200 4220 303 4266 custos
319 4203 528 4282 infirmorum,
545 4205 721 4266 Bernardus
737 4205 776 4265 de
791 4202 944 4278 Asinaria,
957 4204 1102 4265 Albertus
1118 4203 1330 4279 Lombardus;
1348 4203 1386 4265 de
1403 4202 1508 4264 militi-

199 4295 275 4355 bus:
293 4292 470 4372 Rohardus,
482 4294 665 4355 castellanus
682 4295 719 4355 de
729 4293 830 4355 Turre
847 4292 946 4353 David
963 4309 992 4354 et
1008 4293 1181 4355 vicecomes
1191 4291 1506 4374 Hierosolymitanus,

200 4381 374 4444 Balduinus
389 4383 537 4457 Bubalus,
554 4383 702 4460 Babinus,
719 4383 827 4444 Petrus
843 4388 1011 4460 Armenus,
1027 4383 1169 4443 Thomas
1188 4380 1336 4444 Patricius
1352 4395 1382 4443 et
1397 4382 1508 4444 Eusta-

201 4471 300 4549 chius,
318 4472 409 4533 frater
426 4470 504 4549 ejus,
520 4473 686 4550 Brahinus,
703 4472 727 4533 F
730 4470 802 4534 ulco
819 4471 926 4553 Niger,
938 4471 1029 4532 frater
1045 4471 1191 4553 praedicti
1201 4471 1330 4545 Adami;
1348 4471 1386 4532 de
1403 4469 1509 4551 juratis

201 4561 509 4643 Hierosolymitanis:
535 4564 643 4624 Petrus
658 4560 825 4640 Bordinus,
845 4559 999 4623 Riualdus
1015 4560 1191 4641 Lisachir,⁸)
1208 4559 1344 4622 Jofridus
1361 4561 1399 4621 de
1416 4560 1507 4639 Tors,

201 4652 359 4713 lohannes
375 4650 572 4730 Ramundus,
589 4651 771 4712 Lambertus
781 4650 970 4730 Cambiator,
982 4649 1163 4711 Willelmus
1179 4652 1341 4729 Norman,
1353 4651 1509 4713 Robertus

202 4741 240 4801 de
256 4740 447 4820 Bagencei,³)
472 4742 570 4821 Hugo
586 4742 625 4802 de
641 4739 768 4819 Tolosa,
792 4740 900 4801 Petrus
916 4739 1084 4816 Salomon;
1111 4756 1266 4821 praeterea
1281 4738 1508 4802 interfuerunt:

277 4880 295 4946 ¹)
314 4876 391 4933 Alias
404 4878 512 4949 Mauni,
524 4877 660 4934 Mahone.
747 4877 768 4948 ¹)
787 4875 881 4932 Alias:
894 4874 1073 4947 Sicher(ius),
1087 4874 1239 4949 Siccarius,
1252 4874 1357 4948 Seghir
1368 4875 1510 4947 (arabicet

201 4948 313 5025 zaghir,
324 4951 449 5024 parvus).
524 4951 545 5022 ⁸)
564 4948 641 5005 Alias
654 4947 800 5025 Belgenci‚
812 4946 948 5023 Balgenci
960 4949 1170 5026 (Beaugettcy).
