3398 5400
574 320 931 408 legniHierosolymitani.
1344 350 1401 420 ¹4⁷

109 428 257 436 ...ω-...-
260 429 399 436 —.-—....-

97 553 233 616 tinentiis
250 570 280 615 et
295 553 414 634 gastina
424 553 525 616 Hable
541 554 652 632 vicina,
670 554 702 615 iu
719 555 823 615 Petrae
840 555 972 616 domum
989 574 1061 615 cum
1078 553 1282 635 pertinentiis,
1293 569 1405 614 terram

97 642 180 721 juxta
201 643 336 721 vineam,
353 663 433 725 quae
457 643 515 705 fuit
536 644 688 705 Johannis
711 642 866 704 castellani
890 659 919 704 et
943 662 1028 704 nunc
1051 659 1096 704 est
1118 641 1352 724 archiepiscopi,
1377 658 1406 704 et

98 751 209 794 navem
234 734 272 793 ad
297 732 392 794 libere
417 733 668 814 transportandas
691 752 739 793 res
762 731 940 814 Hospitalis.
973 734 1129 794 Praeterea
1156 733 1252 794 donat
1276 751 1406 813 parvum

97 822 224 883 hortum
240 837 270 883 et
286 838 406 900 terram,
423 842 518 902 quam
533 821 692 884 Tebaldus
708 823 746 884 de
763 823 864 883 8111111
877 822 898 900 ²)
915 822 1017 884 adhuc
1033 823 1121 883 vivus
1137 824 1260 883 tenebat
1276 822 1308 882 in
1319 819 1407 883 Valle

98 910 251 992 Ripariae.
269 911 430 972 —Frater
450 912 656 989 Ascenardus,
681 911 848 990 Seguinus,
873 912 1025 973 Martinus
1044 912 1226 987 vicecomes,
1249 912 1406 972 Johannes

17 1023 21 1029 ·
97 1000 337 1078 Tiberiadensis,
368 1002 511 1063 Eraudus
537 1001 729 1081 castellanus,
762 1002 915 1063 Martinus
941 1002 978 1062 de
1005 1000 1130 1078 Melida,
1162 1000 1336 1062 balduinus
1369 1000 1407 1060 de

97 1089 252 1167 Taroana,
277 1089 413 1152 Gariuus
434 1091 472 1152 de
489 1091 633 1167 Hobelet,
656 1090 815 1152 Johannes
839 1091 1007 1168 Mahomet,
1032 1090 1175 1169 magister
1198 1090 1406 1166 Raimundus,

98 1180 244 1260 magister
261 1180 413 1241 Martinus
430 1180 525 1240 etalii
542 1180 580 1241 de
599 1181 707 1241 Monte
723 1178 831 1258 Regali
848 1197 877 1241 et
893 1181 995 1254 Petra;
1021 1180 1076 1260 qui
1095 1196 1185 1241 testes
1203 1179 1329 1240 fuerunt
1345 1179 1407 1261 pri-

98 1267 201 1350 vilegii
218 1289 235 1329 a
253 1269 405 1331 Mauricio
422 1269 482 1330 dati
499 1285 528 1330 et
545 1269 624 1330 hanc
641 1285 753 1330 cartam
770 1269 881 1330 iterum
898 1269 1148 1350 subscripserunt
1163 1284 1282 1350 praeter
1297 1268 1407 1349 Segui-

98 1377 193 1436 num,
226 1359 397 1420 Matrinum
428 1358 659 1438 vicecomitem,
690 1359 867 1420 Johannem
898 1358 1153 1420 Tiberiadensem
1186 1374 1215 1418 et
1246 1358 1408 1419 Eraudum

98 1447 298 1509 castellanum
311 1446 372 1527 jam
383 1464 533 1510 mortuos.
552 1448 609 1509 His
619 1448 771 1510 accedunt
781 1464 885 1509 testes:
904 1448 1083 1525 Guerricus,
1093 1448 1214 1529 primus
1225 1447 1407 1509 Latinorum

99 1537 349 1618 archiepiscopus
381 1537 583 1615 petracensis,
616 1537 766 1599 domiuus
797 1536 1021 1614 Godescalcus,
1054 1538 1178 1598 Evenus
1209 1535 1407 1614 castellanus,

100 1626 256 1705 Scherius,
275 1627 448 1708 Raugotus,
460 1627 610 1690 Girardus
621 1627 659 1687 de
670 1627 835 1706 Betarrasa,
847 1626 1006 1688 Johannes
1017 1626 1054 1687 de
1065 1626 1215 1703 Terroda,
1226 1625 1408 1704 balduinus,

101 1716 191 1777 frater
207 1715 282 1794 ejus.
310 1717 423 1778 Datum
440 1736 496 1798 per
512 1734 642 1777 manum
658 1715 820 1791 Willelmi,
838 1716 986 1796 capellani
1007 1714 1104 1777 nostri
1121 1715 1215 1792 (Paoli
1233 1714 1255 1791 l,
1273 1735 1302 1796 p.
1322 1716 1408 1775 62-

100 1806 153 1886 63,
170 1807 231 1866 No.
250 1807 307 1883 61,
326 1806 364 1868 cf.
383 1826 412 1886 p.
434 1825 511 1886 5053
538 1805 611 1865 Lois
629 1803 687 1884 [ed.
704 1802 859 1884 Beugnot]
877 1804 911 1883 ll,
929 1825 960 1886 p.
983 1825 1041 1884 147
1060 1805 1145 1882 1101).
1338 1801 1404 1863 551

172 1907 193 1976 ²)
213 1905 290 1961 Alias
303 1907 462 1976 Beth(s)an,
476 1907 585 1961 Bessan
599 1904 737 1975 (Beisan),
750 1923 787 1960 an
801 1906 953 1961 Bethune?

149 2015 249 2095 1177,
273 2019 336 2080 ind.
354 2019 392 2079 X.
422 2017 659 2099 Hierosolymis.
683 2051 726 2060 -
750 2016 924 2079 balduinus
947 2017 996 2095 lV,
1019 2036 1072 2078 rex
1095 2016 1408 2098 Hierosolymitanus,

100 2109 200 2185 Ρ1110,
211 2108 241 2170 S.
254 2107 417 2189 Sepulchri
427 2107 533 2189 priori,
545 2107 568 2167 ll
582 2106 756 2187 quintarios
772 2125 967 2169 racemorum
983 2107 1016 2167 111
1027 2107 1124 2168 vineis
1134 2105 1209 2184 suis,
1220 2125 1299 2186 quae
1311 2125 1409 2187 prope

102 2196 263 2259 ecclesiam
286 2198 316 2259 S.
335 2197 445 2259 Crucis
468 2213 551 2273 sunt,
575 2197 607 2257 in
624 2195 844 2258 concambium
861 2197 998 2257 decimae
1015 2197 1133 2274 vineae,
1151 2215 1231 2276 quae
1248 2214 1344 2277 prope
1361 2216 1409 2257 se-

100 2286 621 2367 111111111151011111111)1110109101
636 2301 680 2347 est
696 2305 847 2365 —quam
857 2285 1031 2347 Amalricus
1048 2285 1059 2346 l
1075 2305 1127 2346 rex
1138 2285 1281 2347 ecclesiae
1293 2284 1410 2347 Montis

101 2375 188 2458 Syon
199 2394 255 2457 pro
270 2374 338 2436 lacu
350 2374 500 2437 Germani
510 2376 635 2437 dederat
647 2375 755 2437 usibus
771 2376 866 2437 totius
882 2375 1012 2436 civitatis
1028 2375 1190 2437 communi
1208 2409 1251 2420 —
1268 2375 1411 2436 concedit

101 2481 130 2527 11
146 2464 248 2545 sigillo
265 2463 437 2526 confirmat.
455 2499 498 2507 -
517 2465 693 2528 Willelmus
711 2465 905 2542 Marchisius,
930 2483 1034 2526 comes
1056 2464 1275 2526 Ascalouensis
1291 2479 1321 2525 et
1336 2466 1410 2545 Jop-

102 2554 215 2635 pensis,
227 2554 385 2616 Johannes
401 2555 439 2615 de
456 2559 564 2635 Assur,
582 2554 751 2616 Anselmus
767 2555 806 2615 de
821 2553 901 2632 Bria,
919 2554 1073 2633 Roardus,
1091 2554 1273 2615 castellanus
1289 2554 1410 2615 Jerusa-

104 2643 176 2723 lem,
192 2644 300 2705 Petrus
316 2645 354 2705 de
372 2645 510 2722 Creseca,
528 2645 697 2705 Anselmus
714 2642 850 2722 d'Abim,
866 2642 1045 2705 Willelmus
1062 2644 1198 2705 Patrum.
1224 2643 1338 2704 Datum
1356 2663 1411 2724 per

102 2752 232 2795 manum
248 2734 413 2811 Lamberti,
432 2733 867 2815 1191111111111111(11011111,
891 2752 921 2815 p.
942 2734 1126 2813 307-308,
1143 2733 1204 2794 Νο.
1228 2733 1304 2812 169;
1339 2733 1410 2794 1011

103 2819 160 2902 [ed.
168 2821 322 2903 Beugnot]
333 2823 367 2901 ll,
379 2843 409 2904 p.
423 2843 459 2903 53
471 2843 571 2904 1—53
579 2844 606 2902 5,
618 2824 678 2883 No.
688 2824 749 2902 483
768 2821 885 2901 Migne,
896 2842 926 2903 p.
935 2843 944 2883 1
954 2824 1078 2902 248—r
1089 2842 1162 2901 249,
1171 2823 1231 2883 Νο.
1242 2822 1322 2901 169).
1340 2819 1411 2881 552

184 2982 202 3014 ,,
249 2983 257 3014 ,
274 2939 339 2999 ind.
350 2939 388 2999 X.
406 2971 451 2984 —
467 2937 582 3014 Sibilla,
593 2936 739 2998 Amalrici
756 2938 767 2997 l
783 2937 863 3015 regis
879 2935 950 3017 filia,
962 2938 1076 3019 Joppes
1093 2952 1123 2997 et
1134 2936 1296 2998 Ascalonia
1312 2936 1410 2997 comi-

102 3028 183 3105 tissa,
201 3047 257 3108 pro
274 3029 370 3089 salute
388 3027 488 3088 mariti
504 3027 554 3088 sui
567 3025 716 3087 Willelmi
733 3026 855 3087 comitis
871 3026 1010 3087 Rodrico
1026 3025 1145 3088 Comiti
1161 3042 1190 3087 et
1206 3026 1312 3087 ceteris
1329 3025 1411 3105 ejus-

102 3117 175 3178 dem
191 3117 310 3177 ordinis
327 3117 469 3178 fratribus
489 3133 604 3178 turrem
629 3116 804 3197 puellarum
820 3114 853 3176 in
870 3118 946 3177 urbe
963 3115 1135 3194 Ascalonia,
1159 3117 1285 3177 hortum
1309 3115 1410 3177 eidem

104 3206 180 3267 turri
197 3207 379 3289 oppositum
396 3222 424 3267 et
440 3206 465 3266 ll
484 3206 557 3267 alias
580 3221 678 3268 1111111
701 3204 781 3265 10111
803 3205 990 3286 praedictam
1012 3221 1129 3267 turrem
1152 3221 1181 3266 et
1204 3205 1361 3266 ecclesiam
1379 3205 1410 3267 S.

104 3296 218 3357 Mariae
241 3296 322 3376 sitas,
345 3294 471 3356 alteram
488 3315 593 3356 versus
610 3313 693 3355 mare
717 3294 749 3355 iu
772 3294 864 3355 turris
886 3295 1060 3375 puellarum
1089 3294 1149 3356 alio
1172 3294 1263 3355 latere
1286 3314 1412 3356 necnon

104 3386 131 3447 C
148 3385 295 3447 bisantios
312 3385 492 3447 reddituum
508 3385 546 3446 ad
563 3401 685 3466 portam
700 3383 832 3463 singulis
848 3384 938 3445 1111111
948 3384 1134 3446 hereditario
1145 3381 1211 3462 jure
1221 3384 1261 3444 lV
1273 3383 1412 3445 terminis

104 3474 298 3557 recipiendos
315 3475 457 3536 concedit
474 3489 504 3536 et
519 3474 620 3553 sigillo
637 3472 808 3535 confirmat.
827 3473 954 3535 Factum
971 3472 1128 3535 Amalrico
1145 3472 1324 3554 patriarcha,
1342 3473 1412 3535 Bal-

104 3563 204 3626 duino
215 3564 254 3626 lV
265 3584 347 3645 rege.
361 3599 401 3608 —
413 3564 593 3642 Rainaldus,
606 3564 749 3644 princeps
759 3563 986 3642 Antiochenus,
996 3564 1164 3625 Jocellinus
1179 3583 1293 3642 comes,
1309 3564 1412 3643 regius

104 3655 307 3733 senescalcus,
325 3654 496 3716 balduinus
513 3654 550 3715 de
567 3654 690 3730 Rames,
706 3653 864 3714 locelinus
881 3653 919 3713 de
936 3652 1117 3731 Semunsac,
1128 3652 1310 3729 Balduinus,
1323 3653 1413 3715 irater

104 3742 181 3822 eiua,
205 3743 394 3806 Guillelmus
420 3743 523 3804 Rufus
549 3742 731 3822 vicecomes,
757 3742 909 3804 Geraldus
934 3742 972 3803 de
997 3741 1189 3822 Rumeilei,¹)
1213 3741 1413 3804 Guillielmus

103 3832 253 3915 Tyrensis
271 3832 365 3911 (Paoli
382 3833 404 3911 l,
422 3853 452 3914 p.
471 3835 523 3912 63,
541 3833 601 3892 No.
620 3831 682 3911 63).
1343 3829 1413 3891 553

180 3938 201 4002 ι)
220 3934 296 3989 Alias
309 3933 483 4005 Rumminhi,
496 3933 655 4005 RuinhacO,
667 3932 809 3995 Raminni.
823 3931 949 3987 Remille.

186 4090 205 4122 ,‚
251 4077 296 4089 -—
311 4046 491 4107 Concilium
510 4046 664 4106 Tarsense
687 4061 813 4126 propter
835 4044 979 4107 ecclesiae
1002 4045 1202 4106 concordiam
1226 4045 1411 4107 celebratum

105 4133 191 4215 jussu
203 4140 414 4302 Armetgprum
432 4135 618 4217 patriarchae
629 4135 772 4215 Gregorii
789 4150 818 4195 et
834 4134 914 4215 regis
925 4134 1039 4196 Leonis
1051 4134 1174 4213 (Mansi,
1185 4134 1307 4196 Concil.
1319 4135 1415 4284 11ἐ1515ἰ

105 4244 135 4305 p.
159 4246 307 4305 197—20
343 4272 350 4286 .

155 4339 245 4402 1178
262 4342 351 4404 Febr.
372 4363 386 4423 5
407 4341 495 4419 (corr.
513 4342 614 4422 1179),
630 4341 694 4403 ind.
713 4341 775 4403 llll.
792 4375 836 4385 —
851 4342 1058 4403 Boamundus
1074 4341 1122 4421 lll,
1140 4341 1310 4403 Raimundi
1327 4343 1413 4425 prin-

106 4432 182 4515 cipis
199 4432 289 4511 filius,
305 4432 449 4514 princeps
468 4431 662 4509 Antiochiae,
679 4431 843 4510 Joscelin0,
859 4430 924 4493 filio
940 4431 1095 4511 Joscelini,
1117 4431 1265 4493 Edessaui
1283 4432 1413 4512 comitis,

106 4522 228 4583 homini
250 4541 310 4583 suo
334 4522 418 4601 ligio,
443 4537 471 4582 11
495 4522 660 4583 heredibus
683 4521 715 4582 in
737 4521 829 4582 feodo
846 4539 875 4582 et
891 4519 957 4599 jure
974 4521 1158 4583 hereditario
1174 4541 1298 4582 caveam
1315 4538 1344 4583 et
1359 4523 1413 4582 ab-

106 4612 229 4690 batiam,
246 4631 326 4692 quae
343 4612 453 4672 dicitur
464 4611 680 4688 Granacherie,
698 4625 727 4672 et
742 4611 838 4671 casale
855 4630 963 4672 caveae
979 4610 1139 4690 Livoniae,
1155 4611 1280 4691 Baqfala
1295 4627 1324 4673 et
1340 4610 1413 4674 Gai-

105 4719 184 4782 gum
199 4718 228 4763 et
244 4717 525 4782 quantumcunque
541 4716 637 4762 terrae
649 4699 809 4762 Guillelmi
826 4700 865 4761 de
881 4700 982 4762 Croisi
998 4702 1131 4780 tenebat,
1148 4701 1261 4762 scilicet
1276 4700 1413 4780 Sefferie,

106 4791 291 4872 Bequoqua,
308 4791 443 4872 Vaquer,
466 4790 570 4869 Cofra,
593 4789 723 4872 insuper
746 4790 782 4851 lll
799 4789 894 4851 millia
917 4789 1122 4851 bisantiorum
1145 4789 1177 4851 in
1199 4791 1303 4852 assisia
1326 4790 1359 4852 in
1377 4790 1414 4851 lll

108 4879 251 4942 villarum
277 4899 405 4942 suarum
432 4878 562 4960 singulis
587 4879 677 4940 annis
702 4880 879 4958 habendos,
904 4879 1052 4962 grippum
1075 4879 1209 4941 liberum
1234 4880 1266 4941 io
1292 4879 1360 4942 lacu
1386 4896 1415 4941 et

1202 4999 1249 5054 ro'
