3398 5400
272 355 313 416 86
836 348 1010 417 Regesta

271 569 434 648 grinorum
457 588 529 630 cum
553 568 644 630 horto
661 583 690 629 et
705 568 801 645 terris,
827 588 973 649 campum
996 569 1029 629 iu
1049 570 1125 629 urbe
1142 567 1279 650 Tripolis
1296 584 1325 629 et
1341 567 1518 629 massariam
1535 566 1578 646 (l),

271 658 430 719 ecclesiam
455 658 594 719 Latinam
619 658 826 739 parochialem
851 658 1030 731 Laodiceae,
1054 658 1212 719 ecclesiam
1231 657 1261 718 S.
1279 657 1398 719 Nicolai
1415 677 1488 718 curn
1505 677 1579 739 pos-

271 747 472 822 sessionibus,
490 747 650 808 dimidiam
668 763 783 828 partem
801 747 908 807 theatri
926 762 955 808 et
971 747 1062 822 horti,
1073 747 1127 827 qui
1145 747 1177 807 in
1193 767 1231 808 eo
1248 763 1303 823 est,
1319 747 1426 807 casalia
1443 746 1475 807 in
1491 746 1579 808 terri-

271 837 352 898 torio
369 836 554 898 Antiochiae
570 837 703 898 Leotreh
725 851 754 897 et
770 836 898 897 Soccam
922 836 1099 912 (Scotiethet
1115 853 1144 896 et
1159 836 1267 912 lovan)
1292 855 1364 897 cum
1389 836 1579 897 molendinis

272 929 354 1002 juxta
370 925 558 987 territorium
575 926 700 987 illorum
712 925 856 986 casalium
869 941 898 986 et
908 934 1001 986 terras
1012 945 1083 987 cum
1095 925 1232 1001 decimis,
1244 925 1383 986 Latinam
1396 924 1579 986 Antiochiae

272 1034 343 1076 cum
362 1015 454 1076 horto
470 1013 600 1094 ejusque
618 1015 755 1091 decimis,
774 1015 805 1075 in
822 1034 881 1075 suo
892 1013 1036 1091 (chice??)
1054 1014 1213 1075 ecclesiam
1231 1014 1261 1075 S.
1272 1014 1433 1091 lobannis,
1450 1014 1579 1075 hortum

272 1118 302 1165 et
318 1120 440 1181 tetram,
457 1104 553 1164 casale
571 1104 678 1165 Faxias
695 1104 828 1180 (Fardo),
845 1105 941 1165 casale
952 1104 1162 1165 Valcorenum
1179 1103 1425 1180 (Valtorentum),
1441 1104 1471 1164 X
1487 1103 1579 1164 libras

273 1193 404 1273 piscium
423 1194 454 1254 in
471 1193 598 1274 piscaria
615 1193 736 1273 agresti,
760 1193 814 1254 XL
830 1193 947 1254 solidos
964 1193 997 1254 in
1014 1209 1106 1275 portu
1123 1193 1250 1253 Emmae
1270 1192 1401 1272 singulis
1418 1193 1580 1254 mensibus

272 1282 478 1363 accipiendos,
497 1282 529 1343 iu
545 1284 621 1343 urbe
638 1283 736 1344 Sidon
753 1282 777 1343 ΙΙ
794 1282 902 1343 casalia
925 1302 996 1343 cum
1021 1282 1222 1363 pertinentiis,
1247 1282 1279 1343 in
1302 1281 1425 1343 castello
1448 1282 1579 1343 Arabiae

272 1372 312 1432 IV
329 1388 498 1433 carrucatas
521 1386 616 1433 terrae
633 1387 662 1432 et
678 1372 792 1432 domus
809 1388 837 1432 et
854 1371 885 1431 in
903 1370 1016 1433 Geram
1035 1371 1177 1451 (ingerosl
1196 1370 1235 1433 VI
1252 1387 1421 1433 carrucatas
1437 1387 1533 1432 terrae
1550 1388 1580 1432 et

272 1461 434 1522 domos..
454 1508 461 1521 .
482 1460 536 1536 (Ex
552 1461 664 1522 archiv.
683 1461 767 1522 civic.
785 1461 1006 1522 Panormitano
1023 1481 1042 1539 9
1060 1460 1107 1521 ed.
1133 1460 1170 1521 R.
1189 1461 1339 1521 Rdhricht
1355 1461 1387 1521 in
1408 1461 1446 1520 N.
1466 1461 1579 1521 Archiv

272 1550 352 1625 XIV,
370 1569 400 1630 p.
414 1567 603 1630 202-2o5;
632 1550 669 1611 cf.
687 1548 827 1628 ejusdem
844 1550 1075 1631 explanationes
1091 1550 1312 1631 geographicas
1329 1549 1361 1610 in
1378 1549 1495 1611 ZDPV.
1513 1550 1579 1620 Xll,

272 1659 302 1720 p.
317 1658 457 1719 33—34,
469 1655 498 1700 et
508 1640 651 1717 Berlie're,
668 1659 698 1720 p.
717 1660 816 1720 124-
828 1660 837 1699 r
847 1659 897 1719 30,
911 1641 1101 1719 263—265;
1119 1639 1230 1700 Comte
1242 1638 1345 1716 Riant‚
1363 1639 1405 1699 La
1416 1639 1580 1716 donation,

272 1747 301 1810 p.
324 1727 515 1808 178-179l·
532 1723 541 1810 ll
557 1729 626 1790 Hoc
645 1728 840 1809 privilegium
865 1728 1058 1790 confirmavit
1074 1728 1248 1789 Alexander
1264 1728 1302 1789 ΙΙΙ
1327 1730 1356 1805 (8
1375 1730 1463 1789 Mart.
1488 1730 1580 1810 1173)

274 1817 335 1878 fere
359 1817 467 1879 iisdem
492 1818 592 1879 verbis
614 1818 766 1879 Riccardo
789 1819 899 1896 abbati,
926 1818 1012 1898 quod
1036 1838 1073 1878 ex
1095 1817 1249 1878 antedicto
1272 1817 1409 1879 archivio
1432 1818 1580 1879 collatum

272 1907 406 1989 reperias
422 1906 455 1968 in
471 1908 510 1968 N.
529 1908 644 1969 Archiv
660 1908 679 1969 l.
697 1924 740 1980 c.;
765 1906 862 1968 varias
878 1907 1025 1969 lectiones
1042 1907 1114 1968 iude
1131 1907 1310 1988 desumptas
1327 1923 1355 1967 et
1372 1907 1461 1968 uncis
1478 1906 1581 1968 inclu-

272 2016 320 2057 sas
336 1996 431 2058 textui
448 2013 555 2058 nostro
578 1994 781 2075 injunximus.
808 1996 959 2058 Memoria
983 1997 1114 2076 dignum
1138 2011 1192 2068 est,
1213 1997 1300 2077 quod
1316 1997 1382 2057 lan.
1406 1999 1486 2058 1186
1505 1998 1579 2058 Ber-

273 2087 399 2164 nardus‚
417 2086 481 2147 dux
496 2085 647 2147 Saxoniae
671 2100 701 2146 et
724 2105 828 2148 comes
852 2086 1045 2162 Ascellariae,
1068 2086 1257 2146 monasterio
1281 2085 1311 2146 S.
1330 2085 1445 2147 Mariae
1468 2086 1581 2147 latinae

274 2174 487 2256 possessiones
503 2196 520 2236 a
538 2174 626 2236 fratre
643 2194 702 2235 suo
711 2174 910 2236 Theoderico
920 2175 1133 2256 peregrinante
1144 2194 1305 2236 concessas
1315 2173 1477 2236 confirmat
1488 2175 1579 2251 (Cod.

272 2264 402 2345 diplom.
420 2263 545 2325 Anhalt.
569 2263 591 2337 1,
616 2284 645 2344 p.
664 2265 864 2344 475-476,
888 2265 948 2325 N0.
968 2265 1042 2344 648)
1066 2279 1095 2324 et
1118 2264 1171 2340 (ιο
1188 2264 1276 2324 Febr.
1304 2264 1394 2341 1267)
1418 2264 1492 2325 Otto
1516 2265 1527 2325 Ι
1551 2279 1582 2326 et

273 2353 428 2414 Henricus
445 2353 493 2429 Ill,
517 2353 644 2414 comites
661 2353 835 2431 Aschariae,
859 2352 960 2413 eidem
985 2353 1142 2414 ecclesiam
1167 2353 1205 2414 de
1229 2354 1441 2435 Asterendorp
1461 2374 1478 2414 a
1495 2369 1580 2434 patre

273 2442 411 2503 Henrico
429 2443 453 2503 ΙΙ
473 2461 652 2503 concessam
675 2441 864 2503 confirmant
887 2441 969 2518 (ibid.
987 2443 1022 2519 ll,
1046 2462 1076 2524 p.
1096 2462 1169 2522 235,
1194 2444 1253 2504 No,
1274 2444 1356 2522 323).
1391 2443 1438 2504 De
1454 2442 1581 2504 ecclesia

273 2530 304 2592 S.
324 2531 437 2592 Mariae
455 2531 580 2593 Latinae
598 2530 717 2593 Siciliae
734 2530 771 2592 cf.
790 2531 902 2608 Pirrus,
921 2531 1022 2593 Sicilia
1038 2551 1121 2592 sacra
1138 2532 1172 2608 ll,
1190 2551 1220 2612 p.
1244 2552 1469 2612 1244-1247.
1509 2530 1576 2591 331

321 2645 412 2706 1158
428 2662 498 2729 post
515 2647 597 2728 Sept.
623 2669 647 2725 r,
674 2648 738 2709 ind.
756 2647 820 2709 Vll.
842 2681 886 2690 -
901 2647 1087 2725 Amalricus,
1112 2666 1217 2708 comes
1242 2647 1412 2726 Ascalonis,
1436 2648 1581 2729 precibus

273 2736 420 2816 Hugonis
436 2738 474 2798 de
485 2737 643 2818 Hybelino
660 2753 688 2797 et
705 2756 860 2798 consensu
878 2736 1007 2798 fratrum
1023 2735 1090 2812 ejus
1105 2736 1250 2797 Balduini
1267 2753 1296 2797 et
1306 2737 1453 2810 Barisani,
1465 2736 1581 2798 sororis

272 2825 525 2904 Hermengardis,
550 2826 653 2887 matris
670 2826 767 2901 Alois,
791 2827 1020 2888 avunculorum
1043 2825 1178 2906 Philippi
1200 2827 1237 2886 de
1255 2827 1397 2906 Neapoli,
1421 2826 1581 2888 Guidouis

273 2915 492 2994 Francigenae,
510 2916 635 2977 Henrici
652 2915 762 2977 Bubali
779 2915 880 2994 sigillo
897 2914 1070 2991 confirmat,
1090 2915 1225 2976 eundem
1244 2915 1415 2995 Hugonem
1432 2916 1470 2976 ΙΙΙ
1487 2916 1581 2976 milli·

273 3005 331 3064 bus
348 3004 551 3066 bisantiorum
570 3004 677 3065 casalia
694 3005 874 3066 Huetdebes
890 3021 919 3065 et
936 3004 1144 3066 Deirmuesim
1169 3023 1240 3064 cum
1265 3004 1352 3065 omni
1373 3005 1580 3086 plenitudine,

272 3112 368 3173 quam
385 3113 421 3154 ex
438 3094 524 3155 dono
547 3094 615 3175 piae
638 3093 808 3156 memoriae
825 3094 918 3175 patris
934 3092 1001 3169 ejus
1017 3093 1154 3154 Barisani
1173 3093 1288 3154 Muisse
1307 3094 1429 3154 Arrabit
1449 3092 1581 3174 ejusque

272 3181 355 3243 filius
371 3183 527 3262 Georgius
543 3183 729 3260 habuerunt,
756 3198 922 3265 postquam
946 3183 1045 3244 dictus
1069 3182 1190 3242 Arrabit
1212 3183 1251 3243 ad
1274 3203 1362 3244 suam
1387 3183 1578 3245 voluntatem

272 3291 330 3354 pro
340 3272 429 3333 dictis
446 3271 596 3334 casalibus
613 3273 769 3333 cambium
787 3273 945 3353 acceperit,
957 3271 1136 3353 captivitatis
1152 3272 1367 3353 redemptione
1378 3273 1579 3354 compulsum

273 3361 432 3422 canonicis
456 3360 486 3422 S.
505 3361 668 3442 Sepulchri
686 3362 859 3422 vendidisse
876 3361 990 3422 scilicet
1006 3380 1161 3422 consensu
1178 3380 1271 3442 supra
1288 3361 1442 3422 dictorum
1459 3376 1488 3422 et
1504 3382 1579 3442 cog-

272 3466 417 3512 natorum
435 3451 568 3531 Philippi
586 3451 623 3511 de
641 3451 786 3532 Caphran
808 3450 941 3529 (Cafran)
965 3449 1094 3530 ejusque
1119 3450 1216 3510 fratris
1239 3466 1267 3510 et
1283 3451 1362 3511 Petri
1380 3452 1417 3511 de
1434 3451 1546 3512 Teillei
1561 3452 1581 3528 Ι)

271 3559 396 3601 necnon
414 3559 471 3621 pro
488 3556 582 3601 aetate
600 3540 775 3601 minoribus
792 3539 979 3623 (Stephania‚
991 3539 1136 3618 Hugonis
1151 3559 1267 3615 sorore,
1279 3554 1309 3600 et
1319 3540 1480 3601 nonnullis
1491 3542 1581 3601 here·

272 3628 364 3690 dibus
381 3629 452 3691 dicti
468 3629 599 3706 Arrabit)
623 3629 863 3690 constitutorum
886 3629 1000 3690 scilicet
1019 3628 1166 3708 Hugonis
1182 3630 1220 3689 de
1237 3629 1372 3690 Ybelino
1389 3629 1579 3711 (Hybelinol,

270 3718 426 3794 Balduini,
444 3717 541 3779 fratris
557 3718 629 3779 dicti
646 3718 763 3779 Muisse
784 3718 905 3779 Arrabit
921 3717 1052 3797 ejusque
1069 3716 1121 3779 filii
1140 3716 1277 3796 Georgii,
1302 3717 1440 3779 Simonis
1464 3719 1502 3779 de
1522 3719 1581 3780 Aia

272 3806 381 3883 (Haia),
393 3806 530 3868 Ordeleti
547 3806 678 3888 ejusque
695 3805 749 3868 filii
767 3807 925 3889 Stephani,
939 3806 1049 3868 Adami
1067 3807 1105 3867 de
1122 3805 1249 3884 Orgeol,
1267 3806 1409 3868 Nicholai
1427 3808 1465 3867 de
1482 3807 1581 3869 Hibe-

270 3896 337 3957 lino
354 3896 543 3978 (Hybelino),
561 3897 752 3971 Hosmundi,
770 3895 906 3975 Radulfi,
925 3896 1023 3956 fratris
1039 3893 1115 3972 ejus,
1134 3896 1265 3973 Leberti,
1277 3896 1390 3974 Pagani
1402 3897 1439 3957 de
1450 3897 1579 3974 Rohais,

271 3985 404 4066 Philippi
422 3986 459 4046 de
477 3985 624 4066 Caphran
641 3985 785 4063 (Cafran).
802 4020 847 4028 —-
863 3985 1044 4063 (Ricardus),
1063 3986 1227 4066 episcopus
1239 3985 1384 4060 Andriae,
1396 3985 1579 4065 Gaufridus‚

270 4075 363 4135 abbas
379 4074 515 4155 Templi,
533 4074 716 4152 Gunterius‚
734 4075 819 4156 prior
835 4074 952 4136 Montis
969 4075 1072 4155 Sy0n;
1097 4075 1136 4134 de
1153 4074 1335 4136 hominibus
1355 4074 1451 4155 regis:
1477 4075 1580 4136 Adam

270 4163 366 4243 Niger
382 4162 511 4244 ejusque
529 4164 619 4225 frater
635 4164 767 4242 Fulch0,
785 4165 939 4226 Robertus
956 4165 994 4225 de
1012 4163 1131 4235 Retest;
1156 4164 1194 4224 de
1216 4164 1398 4225 hominibus
1414 4165 1579 4226 Amalrici:

270 4252 381 4315 Simon
407 4253 445 4313 de
471 4253 635 4324 Hosdenc,
667 4252 825 4315 locelinus
856 4255 894 4314 de
920 4253 1090 4315 Samusach
1123 4253 1290 4329 (Samusac)
1327 4251 1457 4332 ejusque
1490 4253 1581 4315 frater

269 4342 453 4419 Balduinus,
480 4341 659 4421 Gerbertus,
691 4343 871 4420 Guibertus‚
898 4341 1052 4417 Albertus,
1079 4342 1267 4403 Guillelmus
1294 4343 1331 4403 de
1357 4342 1434 4403 Tiro
1460 4343 1580 4423 (Tyro),

270 4431 459 4494 Guillelmus
482 4433 520 4493 de
535 4431 701 4493 Tiberiade
725 4431 930 4513 (Tyberiade),
954 4431 1152 4505 Leveraldus,
1177 4431 1323 4494 Giraldus
1346 4431 1516 4507 (Girardus)
1540 4433 1580 4494 de

270 4520 496 4598 Rumlmlinhi;
518 4522 555 4581 de
573 4521 780 4603 stipendiariis
797 4521 958 4583 Amalrici:
977 4521 1131 4583 Galterius
1148 4522 1186 4582 de
1204 4521 1318 4598 Hain0,
1337 4520 1525 4582 Guillelmus
1541 4523 1581 4583 de

270 4610 407 4685 Rumhe,
425 4609 570 4671 Albertus
587 4611 625 4671 de
641 4610 778 4687 Guarch,
797 4611 952 4672 Robertus
969 4612 1006 4671 de
1024 4611 1054 4672 S.
1068 4609 1229 4687 Kavileffo,
1248 4610 1361 4681 Fulco;
1386 4610 1424 4670 de
1441 4612 1580 4691 burgen·

269 4699 356 4760 sibus
373 4699 470 4779 regis:
488 4699 584 4778 Hugo
602 4700 714 4761 saliens
731 4699 763 4760 in
781 4701 912 4780 bonum,
930 4699 1098 4763 Goffredus
1109 4699 1306 4760 Turonensis
1317 4698 1468 4776 (Roziere,
1480 4719 1580 4781 p.120

268 4808 390 4868 —123,
408 4789 466 4850 No.
485 4788 545 4863 603
571 4789 689 4869 Migne,
706 4808 736 4870 p.
760 4791 993 4870 1156—1157;
1018 4788 1215 4850 cf.Wauters
1232 4789 1266 4866 ΙΙ,
1283 4809 1313 4870 p.
1330 4809 1368 4869 41
1382 4788 1417 4864 ι).
1510 4786 1581 4849 332

343 4891 362 4962 ¹)
382 4888 510 4961 Roziere,
522 4907 549 4962 p.
568 4904 631 4964 129:
651 4888 740 4945 Teilli.
