3398 5400
261 344 322 426 236
823 337 1000 411 Regesta

259 559 290 621 S.
300 557 419 636 Crucis,
437 558 546 636 Aldus,
563 557 770 619 thesaurarius
786 555 926 635 ejusdem
943 559 1096 639 ecclesiae,
1109 607 1235 621 .......
1239 607 1247 638 ,
1264 559 1457 640 plebanusS.
1468 559 1563 621 Marci

259 647 460 722 Acconensis,
487 646 655 709 Garnerius
678 647 882 727 Alamannus,
908 649 1084 710 Rannudus
1108 649 1145 710 de
1169 649 1286 710 Lidena
1310 664 1338 710 et
1361 648 1563 729 lanfrancus,

259 738 364 799 fratres
381 736 559 818 Hospitalis,
570 737 702 798 Jacobus
718 736 910 799 Trivisanus.
927 771 971 781 -
987 739 1180 819 Aymericus,
1198 737 1280 800 filius
1296 740 1459 818 quondam
1475 739 1564 818 Ugo-

258 825 325 977 lripi,
341 826 533 993 imppratoris
549 827 726 887 auctoritate
738 827 886 906 notarius,
897 827 1015 909 scripsit
1026 828 1282 904 (Tafel-Thomas
1293 826 1327 906 ll,
1338 848 1368 910 p.
1382 849 1564 977 174-182152,

292 934 321 978 o.
342 936 424 996 ²40·

304 1020 433 1101 (1214).
450 1056 494 1066 -
510 1023 677 1101 Johannes,
702 1043 752 1085 rex
770 1023 1084 1106 Hierosolymitanus,
1101 1024 1259 1101 Gervasio,
1276 1023 1376 1085 abbati
1393 1025 1565 1086 Praemon·

262 1113 412 1188 stratensi,
430 1113 543 1189 scribit,
560 1133 592 1174 se
608 1113 727 1191 timere,
744 1133 784 1174 ne
801 1114 941 1176 Saraceni
959 1130 1098 1193 treugam
1116 1114 1218 1174 adhuc
1229 1112 1379 1174 valentem
1398 1113 1565 1174 interrum-

261 1218 344 1283 pant,
362 1217 392 1263 et
408 1203 538 1263 consilio
555 1203 761 1284 praelatorum
779 1222 903 1264 necnon
927 1204 1081 1265 baronum
1098 1202 1212 1264 Terrae
1229 1202 1357 1264 Sanctae
1374 1202 1468 1264 filiam
1485 1203 1566 1283 regis

260 1291 425 1353 Armeniae
442 1293 475 1353 in
493 1292 728 1354 matrimonium
746 1293 869 1353 duxisse
886 1291 992 1372 (Hugo
1010 1292 1030 1369 Ι,
1049 1312 1078 1374 p.
1099 1293 1150 1372 36,
1167 1293 1227 1353 No.
1248 1293 1309 1372 36).
1495 1289 1565 1352 873

322 1404 493 1468 tarsun.
518 1428 563 1468 ιι.
589 1407 682 1469 Crati.
701 1442 743 1449 —
760 1407 913 1469 Canonici
932 1406 1056 1488 capituli
1074 1407 1220 1468 Valeniae
1243 1427 1301 1468 suo
1318 1420 1348 1467 et
1363 1407 1409 1485 B.,
1428 1407 1565 1489 episcopi

261 1497 493 1573 Anteradensis,
505 1496 605 1577 sigillo
615 1496 810 1573 confirmant,
828 1517 859 1557 se
876 1511 946 1577 post
963 1511 1096 1558 mortem
1107 1496 1244 1577 episcopi
1256 1496 1387 1557 consilio
1398 1495 1565 1574 Olthonis),

260 1585 483 1666 archiepiscopi
495 1586 701 1666 Apamiensis,
712 1585 924 1664 Eustachium,
940 1585 1193 1647 archidiaconum
1209 1586 1420 1667 Berytensem,
1438 1584 1566 1665 elegisse

261 1676 444 1757 episcopum
462 1690 491 1736 et
507 1676 545 1736 de
562 1676 619 1736 hac
629 1675 778 1736 electione
789 1695 844 1756 per
854 1675 1036 1756 episcopum
1047 1676 1079 1738 B.
1091 1676 1346 1749 Antaradensem,
1358 1674 1565 1753 Willelmum‚

261 1765 449 1826 canonicum
466 1764 622 1839 valeniae,
640 1764 723 1846 apud
740 1763 895 1826 Coebium
915 1763 1096 1843 magistrum
1114 1764 1266 1826 Garinum
1284 1764 1322 1826 de
1340 1765 1448 1825 Monte
1464 1770 1566 1825 Acuto

261 1854 424 1915 certiorem
441 1854 557 1932 fecisse,
576 1873 678 1934 neque
694 1869 798 1915 tamen
815 1854 872 1914 hac
888 1854 1133 1936 praesentatione
1154 1852 1355 1934 praejudicari
1372 1852 1518 1915 ecclesiae
1535 1854 1566 1914 in

262 1958 432 2026 posterum,
443 1944 543 2004 donec
560 1963 638 2025 papa
654 1943 859 2025 responderit,
877 1962 955 2005 num
972 1944 1176 2025 praesentatio
1193 1943 1351 2004 electionis
1367 1943 1405 2003 sit
1422 1942 1567 2022 magistri,

263 2052 370 2094 necne.
397 2032 508 2108 Quum
525 2052 597 2093 vero
614 2032 768 2112 magister,
786 2033 959 2113 quominus
982 2033 1165 2094 sententiam
1188 2052 1276 2093 suam
1301 2032 1460 2114 proferret,
1482 2033 1567 2093 iuva-

261 2123 351 2185 sione
367 2122 546 2184 Turcorum
570 2122 737 2204 impeditus
762 2121 862 2198 fuerit,
886 2143 918 2182 se
941 2122 1071 2184 consilio
1095 2122 1281 2202 patriarchae
1301 2135 1331 2183 et
1346 2121 1567 2203 archiepiscopi
1641 2134 1643 2138 '

262 2213 396 2273 electum
413 2210 573 2273 Valeniam
599 2211 721 2272 duxisse
745 2228 774 2273 et
797 2211 891 2293 paulo
915 2230 984 2293 post
1007 2230 1078 2272 cum
1102 2211 1250 2292 episcopo
1267 2212 1300 2272 B.
1319 2210 1523 2272 Antaradensi
1539 2225 1568 2271 et

262 2303 359 2363 electo
376 2301 505 2362 Cratum
521 2301 642 2362 venisse
659 2301 696 2361 ad
714 2301 906 2379 magistrum,
930 2315 965 2361 ut
987 2299 1095 2362 electio
1112 2300 1139 2362 ei
1157 2300 1297 2381 placeret,
1322 2299 1515 2380 requirentes
1539 2314 1568 2361 et

264 2390 481 2467 concedentes,
500 2404 533 2451 ut
550 2390 581 2450 in
598 2388 724 2451 ecclesia
742 2389 918 2451 Valeniensi
935 2388 983 2469 jus
1000 2390 1253 2470 praesentationis
1270 2406 1299 2451 et
1314 2409 1487 2451 consensus
1503 2408 1568 2449 ma-

262 2479 349 2560 gistri
364 2478 411 2540 sit.
428 2513 472 2523 -
487 2479 640 2557 Jobertus,
660 2478 878 2541 Antaradensis
895 2478 1112 2557 thesaurarius,
1135 2480 1276 2558 Jacobus,
1294 2477 1472 2559 capellanus
1488 2478 1568 2560 epis-

261 2569 331 2651 copi
357 2569 593 2645 Anteradensis,
618 2569 842 2645 Manasserius,
869 2569 1057 2646 Hernesius,
1085 2567 1264 2630 Willelmus
1290 2567 1445 2647 Seleman,
1472 2567 1569 2629 Fulco

264 2659 412 2737 Gerbaut,
430 2659 564 2720 loannes
580 2659 695 2719 Berton
713 2656 807 2735 (Paoli
825 2659 845 2735 1,
864 2678 893 2739 p.
918 2660 986 2735 108,
1004 2659 1064 2719 No.
1089 2658 1168 2739 103).
1500 2653 1570 2716 874

342 2819 362 2850 ,,
410 2776 499 2836 Mart.
517 2796 564 2854 ¹5·
574 2807 618 2817 —
634 2774 700 2835 Leo
712 2774 746 2854 ll,
758 2794 809 2836 rex
821 2775 996 2851 Armeniae,
1012 2773 1219 2836 Januensibus
1236 2793 1290 2854 per
1306 2793 1436 2834 manum
1448 2773 1570 2852 Ugonis

262 2863 391 2926 Ferrarii
408 2863 597 2925 vicecomitis
613 2864 645 2924 in
663 2879 728 2924 toto
745 2883 842 2943 regno
858 2883 928 2941 suo,
952 2866 1084 2945 exceptis
1101 2880 1204 2925 tamen
1221 2862 1318 2941 terris,
1335 2881 1412 2943 quas
1429 2861 1516 2923 Otho
1533 2863 1570 2924 de

261 2953 404 3031 Tabaria,
420 2954 521 3015 Adam
538 2954 575 3014 de
593 2953 723 3032 Gaston,
735 2953 870 3013 Vahram
888 2954 1079 3014 senescalcus
1095 2969 1202 3015 tenent
1218 2952 1361 3033 (quarum
1378 2951 1464 3013 tertia
1478 2971 1570 3014 voca-

262 3059 312 3105 tur
328 3043 419 3120 Corc)
434 3043 453 3119 ¹)
471 3059 500 3103 et
516 3058 644 3125 excepto
667 3042 819 3124 passagio,
843 3043 929 3122 quod
953 3044 1018 3104 Leo
1041 3044 1079 3104 de
1101 3042 1265 3120 Cabbanll
1282 3043 1373 3103 habet
1389 3041 1422 3103 in
1439 3041 1570 3103 flumine

262 3132 398 3209 lahan,³)
414 3131 547 3194 liberum
559 3131 781 3193 commercium
800 3151 924 3194 necnon
941 3132 973 3193 in
990 3135 1066 3194 urbe
1076 3132 1245 3193 Tharsensi
1263 3131 1365 3192 vicum
1382 3131 1526 3192 concedit
1542 3144 1571 3191 et

262 3221 364 3300 sigillo
375 3220 546 3282 confirmat.
562 3255 597 3264 -
612 3221 758 3282 Nicolaus
768 3221 806 3281 de
818 3222 917 3300 Porta,
934 3221 1010 3282 sacri
1028 3220 1147 3302 imperii
1166 3222 1313 3298 notarius,
1330 3218 1416 3298 jussu
1427 3220 1570 3281 Thomae

263 3310 301 3371 de
318 3310 453 3389 UguetO,
471 3308 580 3388 judicis
597 3325 626 3371 et
641 3309 804 3372 assessoris
824 3308 941 3372 Albeni
959 3311 996 3371 de
1015 3310 1189 3390 Malavolta,
1214 3309 1371 3391 potestatis
1395 3309 1569 3388 Januensis,

263 3399 468 3480 transscripsit
483 3399 585 3476 (liber
602 3398 716 3474 jurium
734 3400 755 3477 1,
772 3419 802 3481 p.
824 3420 1007 3480 574—575,
1025 3400 1085 3461 No.
1107 3419 1184 3479 5¹43
1210 3398 1357 3478 Langlois
1373 3398 1395 3478 l,
1413 3418 1442 3480 p.
1468 3400 1570 3460 126—

269 3490 338 3565 128,
356 3489 415 3549 No.
440 3509 493 3565 ιο,
518 3490 556 3550 cl.
575 3488 663 3549 Serra
679 3489 729 3566 IV,
747 3509 776 3570 p.
800 3510 809 3549 1
820 3508 875 3568 503
901 3490 1027 3567 Canale,
1045 3489 1144 3551 Storia
1162 3489 1248 3550 civile
1266 3488 1299 3565 ll,
1317 3508 1347 3569 p.
1367 3491 1569 3566 728-729;

264 3579 413 3639 Archives
430 3578 459 3639 d.
478 3578 560 3641 miss.
579 3577 719 3656 scierant,
737 3578 755 3639 Ι.
775 3598 800 3639 c.
817 3578 850 3655 ll,
866 3598 896 3660 p.
911 3598 989 3658 37¹3
1016 3579 1191 3655 Dulaurier,
1209 3578 1402 3639 Recherches
1418 3577 1439 3652 l,
1458 3597 1487 3658 p.
1508 3597 1568 3657 2¹5

263 3683 293 3729 et
309 3668 341 3728 in
356 3668 464 3729 Journ.
476 3668 561 3728 asiat.
577 3667 784 3747 1861‚XVlll,
796 3688 825 3749 p.
840 3670 1223 3749 313-314,317-318,
1237 3686 1428 3749 333—3343
1446 3666 1570 3748 Heydl,

263 3776 293 3839 p.
314 3756 507 3838 370—371).
1500 3753 1569 3815 875

339 3860 358 3929 ¹)
380 3861 517 3928 Κωρυκός
530 3856 558 3912 in
571 3856 667 3912 littore
681 3855 803 3912 Ciliciae.
878 3858 899 3930 ²)
919 3858 1020 3913 Gaban
1033 3859 1069 3912 ad
1084 3859 1186 3913 Johan.
1261 3861 1283 3925 ⁸)
1303 3854 1395 3910 Alias:
1409 3855 1512 3910 Johan.

346 4009 364 4042 „
413 3966 502 4026 Mart.
522 3984 561 4041 29
580 3961 708 4040 [arabice
725 3978 754 4024 et
770 3961 884 4040 latine).
905 3997 941 4006 —
966 3963 1119 4025 Lottarius
1142 3962 1403 4044 archiepiscopus,
1427 3962 1571 4024 consules

263 4069 292 4116 et
303 4053 477 4131 Hubaldus,
488 4053 658 4114 vicecomes
669 4051 865 4128 Pisanorum,
878 4053 998 4114 Melech
1009 4052 1196 4130 Elchemele‚
1212 4050 1333 4113 soldani
1345 4049 1489 4132 Aegypti,
1506 4050 1571 4112 filio

264 4164 298 4203 ac
314 4143 437 4220 vicario,
464 4141 658 4204 Ranuccium
684 4141 841 4202 Benedicti
865 4141 903 4203 de
925 4142 1094 4204 Vernaccio
1120 4139 1281 4203 consulem
1307 4139 1519 4202 transmittunt
1543 4156 1572 4201 et

264 4233 497 4308 commendant,
508 4232 724 4312 quodcunque
735 4250 791 4312 per
800 4231 903 4312 ipsum
920 4246 1023 4292 actum
1034 4231 1134 4310 fuerit,
1146 4251 1178 4291 se
1189 4246 1293 4291 tenere
1304 4228 1381 4290 velle
1391 4229 1571 4310 pollicentes

265 4320 391 4398 (Amori,
409 4322 419 4382 Ι
436 4320 567 4403 diplomi
584 4320 676 4397 arabi,
693 4341 723 4402 p.
736 4321 865 4382 81—82
885 4318 1034 4399 [arabice],
1052 4321 1112 4381 Nn.
1126 4340 1177 4396 27,
1190 4339 1220 4400 p.
1234 4322 1298 4398 284
1315 4317 1439 4398 [latine],
1456 4319 1518 4380 No.
1531 4338 1568 4399 23

266 4409 313 4491 [cf.
332 4432 361 4493 p.
379 4432 566 4492 412-415,
584 4408 677 4490 467];
702 4409 837 4471 Fanucci
855 4408 889 4486 ΙΙ,
910 4430 939 4491 p.
960 4430 1129 4490 230-231
1151 4409 1189 4470 ad
1206 4428 1228 4488 4
1244 4408 1341 4490 April.
1365 4407 1467 4485 1221).
1502 4405 1572 4467 876

346 4570 365 4602 „
414 4527 502 4587 Mart.
523 4546 573 4606 31.
597 4559 641 4569 —
662 4525 821 4607 Ropinus,
846 4524 988 4606 princeps
1010 4523 1204 4601 Antiochiae,
1231 4522 1402 4585 Raimundi
1425 4523 1571 4606 principis

265 4615 362 4693 filius,
389 4634 544 4677 consensu
570 4615 674 4676 uxoris
698 4613 806 4677 Helois
832 4614 985 4694 Hospitali
1014 4634 1068 4696 per
1092 4632 1221 4674 manum
1246 4612 1376 4676 Guarini
1400 4613 1438 4674 de
1462 4614 1571 4674 Monte

266 4710 367 4767 Acuto
389 4703 525 4784 magistri
549 4704 655 4766 omnia
678 4702 846 4786 privilegia,
864 4722 944 4783 quae
967 4719 1174 4764 antecessores
1194 4718 1223 4765 et
1239 4705 1372 4764 barones
1388 4701 1571 4764 Antiochiae

265 4794 293 4855 ei
310 4795 342 4855 in
359 4809 424 4856 toto
441 4793 615 4874 principatu
638 4807 867 4873 concesserunt,
891 4792 993 4873 sigillo
1016 4792 1189 4855 confirmat.
1206 4826 1250 4836 -
1266 4793 1385 4870 Petrus,
1402 4792 1571 4873 patriarcha

265 4884 459 4962 Antiochiae,
485 4883 569 4945 Levo
586 4883 620 4963 ll,
644 4904 696 4946 rea
711 4883 889 4961 Armeniae,
912 4883 1086 4945 avunculus
1102 4881 1231 4964 Rupini,
1255 4882 1351 4961 Hoto,
1375 4881 1571 4963 Apamiensis
