3398 5400
315 352 353 414 32
876 326 1052 399 Regesta

291 547 402 610 'frater
425 546 455 609 S.
474 546 647 629 Sepulchri,
673 563 821 626 tenuerat,
844 568 945 629 quum
969 563 1039 630 post
1061 548 1183 610 obitum
1202 547 1269 626 ejus
1285 548 1346 609 filia
1369 549 1460 609 Petro
1483 547 1617 621 cuidam,

313 637 430 698 famulo
443 637 473 698 S.
484 636 658 718 Sepulchri,
674 656 739 698 non
757 653 892 719 nuptura
908 655 1012 698 coram
1029 636 1209 719 Sltephano)
1226 637 1393 720 patriarcha
1410 638 1618 717 resignaverit,

312 726 472 809 recepisse,
490 726 660 788 confirmat.
673 759 717 770 —
728 727 896 788 Anselmus
907 743 1023 805 cantor,
1034 731 1111 805 AzO,
1124 727 1325 803 Gislebertus,
1342 728 1448 788 Petrus
1459 726 1617 803 Bemardi,

312 815 517 892 Gaudentius,
534 816 643 877 Petrus
666 815 939 896 eleemosynarius,
955 815 1139 893 Aimericus,
1156 816 1327 879 Gaufridus
1344 821 1438 896 Acus,
1455 817 1562 877 Petrus
1579 818 1617 876 de

313 906 502 979 Vendosme,
515 905 718 984 Betengarius
735 906 859 966 Parvus.
880 905 1010 966 Factum
1027 905 1206 986 Sltephano)
1229 906 1398 987 patriarcha
1420 905 1572 987 sigillante
1590 920 1619 965 et

311 994 468 1056 Balduiuo
480 995 503 1055 ll
513 1013 585 1073 rege
596 994 746 1074 (Rozie're,
755 1014 785 1076 p.
799 1015 832 1074 ¹5
839 1014 917 1075 3-t
929 1015 979 1075 55,
990 996 1115 1069 N0.77;
1129 994 1246 1074 Migne,
1256 1016 1285 1076 p.
1299 1017 1307 1056 t
1321 995 1530 1075 175‚N0-77).
1551 992 1619 1054 128

361 1098 451 1159 1129
468 1102 547 1181 (post
558 1101 663 1182 Sept),
679 1100 829 1164 indVIll.
849 1135 888 1144 —
906 1100 1096 1175 willelmus,
1114 1102 1198 1183 prior
1214 1102 1244 1163 S.
1257 1101 1429 1184 Sepulchri,
1447 1122 1479 1162 se
1496 1123 1512 1162 a
1528 1102 1619 1162 Petro

312 1191 350 1251 de
367 1190 398 1251 S.
416 1189 574 1265 Gauteti0,
599 1189 732 1270 conjuge
749 1206 779 1252 et
794 1189 859 1252 filio
875 1190 998 1251 vineam
1014 1210 1088 1253 cum
1113 1206 1190 1252 terra
1214 1190 1363 1270 adjacenti
1387 1190 1618 1271 circumsaepta,

312 1299 392 1360 quae
409 1279 628 1361 Hierosolyma
644 1279 840 1341 venientibus
857 1280 888 1341 in
905 1300 1029 1360 egressu
1048 1280 1260 1342 Mahumeriae
1276 1280 1432 1362 prominet
1448 1279 1481 1340 itt
1497 1279 1619 1340 sinistra

312 1368 462 1442 convalle,
486 1368 585 1449 pretio
606 1369 689 1431 CXL
705 1369 909 1431 bisantiorum
926 1369 1046 1447 emisse,
1068 1369 1169 1450 sigillo
1186 1369 1358 1431 confirmat.
1375 1404 1418 1413 -
1435 1369 1619 1432 Goisbertus

312 1457 516 1540 praepositus,
533 1458 708 1520 Aimericus
725 1457 992 1538 helemosinarius,
1010 1460 1118 1521 Petrus
1128 1459 1310 1538 Clementis,
1322 1458 1501 1534 Anselmus,
1517 1456 1619 1539 capel-

311 1547 403 1609 lanus
420 1547 643 1626 Mahumeriae,
656 1547 825 1610 Gaufridus
842 1553 936 1626 Acus,
953 1549 1061 1609 Petrus
1078 1549 1116 1610 de
1132 1549 1264 1630 Joppen,
1279 1548 1527 1624 PetrusGuitart,
1544 1548 1619 1609 Ber-

314 1637 440 1715 nardus,
457 1656 553 1717 genet
569 1637 715 1717 praedicti
732 1638 812 1700 Petri
828 1638 866 1698 de
884 1637 914 1699 S.
927 1637 1085 1715 Gauterio,
1104 1638 1258 1717 Rogerius
1274 1639 1431 1711 Lombart,
1456 1638 1563 1699 Petrus
1581 1636 1619 1696 de

312 1726 343 1787 S.
355 1725 514 1802 Gauteti0,
533 1727 717 1805 Audearhlz,
735 1725 875 1803 ejusdem
893 1745 980 1805 uxor,
1000 1727 1148 1806 Andreas,
1165 1726 1232 1803 ejus
1249 1726 1340 1805 filius,
1358 1726 1534 1797 Petronilla,
1552 1724 1619 1803 ejus

313 1814 383 1876 filia.
409 1815 537 1877 Factum
554 1834 638 1877 anno
655 1815 803 1897 Stephani
821 1817 1006 1897 patriarchae
1023 1817 1057 1889 ll,
1068 1836 1139 1895 rege
1150 1816 1340 1878 Balduinoll
1352 1816 1502 1896 (Roziere,
1514 1835 1544 1896 p.
1559 1835 1616 1895 ¹55

311 1906 432 1984 —156,
457 1905 517 1966 Νο.
536 1907 594 1979 783
621 1904 739 1985 Migne,
763 1925 792 1986 p.
817 1907 908 1984 1176,
931 1906 991 1966 Νο.
1010 1907 1067 1980 78;
1103 1907 1135 1966 in
1150 1905 1290 1985 linguam
1307 1905 1514 1984 germanicam
1533 1904 1620 1965 vertit

313 2010 342 2054 et
358 1994 439 2054 notis
455 1992 616 2055 illustravit
639 1994 678 2057 G.
697 1995 803 2055 Rosen
820 1995 853 2055 itt
869 1995 1090 2056 Wochenblatt
1112 1996 1167 2056 der
1182 1993 1621 2074 Johanniter-Otdensballey

313 2084 538 2162 Brandenburg
561 2085 652 2164 1863,
671 2105 699 2164 p.
717 2104 860 2164 43-44,
878 2085 938 2145 Νο.
958 2084 997 2161 7).
1553 2081 1620 2142 129

395 2234 413 2266 „
460 2235 468 2264 ,
486 2189 616 2251 iud.Vll.
634 2189 862 2272 Hierosolymis
876 2190 908 2252 in
920 2190 1032 2272 palatio
1048 2189 1138 2270 regis.
1155 2225 1199 2232 -
1214 2190 1386 2252 Balduinus
1399 2191 1432 2267 ll,
1444 2210 1495 2251 rex
1506 2190 1620 2251 Hiero-

312 2278 530 2360 solymitanus,
555 2298 764 2361 quaecuuque
787 2279 940 2361 Hospitali
964 2280 1077 2340 donata
1101 2280 1237 2356 fuerunt,
1260 2278 1365 2341 laudat
1381 2295 1410 2340 et
1425 2279 1527 2359 sigillo
1544 2297 1620 2340 con-

313 2367 423 2437 firmat,
435 2369 613 2448 praesertim
629 2368 663 2430 in
680 2370 832 2431 territorio
843 2368 1129 2451 Hierosolymitano
1145 2369 1185 2431 lV
1203 2384 1302 2450 partes
1317 2385 1423 2447 terrae,
1441 2388 1519 2449 quas
1535 2368 1621 2429 dedit

313 2457 475 2520 Gollridus
486 2457 524 2519 de
535 2458 663 2519 Parenta
674 2477 771 2540 prope
781 2459 991 2539 Beccafabam,
1007 2459 1134 2520 hortum
1145 2477 1218 2520 cum
1228 2458 1366 2519 cisternis
1382 2460 1419 2519 ab
1436 2458 1504 2540 ipso
1521 2458 1619 2518 dona-

313 2563 381 2609 tum
410 2546 486 2608 turri
510 2546 608 2608 David
639 2547 795 2623 vicinum,
826 2549 875 2609 cui
899 2568 936 2609 ett
959 2564 1090 2628 utraque
1114 2565 1197 2628 parte
1221 2547 1269 2608 via
1291 2548 1441 2625 decurrit,
1466 2568 1527 2628 qua
1559 2546 1620 2607 itur

312 2636 505 2713 Bethlehem,
514 2636 627 2697 deinde
638 2637 771 2698 domum
782 2657 853 2699 cunt
865 2638 1005 2715 cisterna,
1014 2655 1110 2717 quam
1121 2638 1252 2698 domum
1264 2636 1345 2714 juxta
1356 2653 1476 2718 portam
1483 2636 1620 2716 Templi,

314 2746 375 2806 qua
392 2726 453 2787 itur
468 2726 623 2806 losaphat,
641 2742 670 2787 et
686 2743 756 2787 ante
773 2728 906 2788 domum
922 2727 1080 2789 Guidonis
1097 2726 1134 2788 de
1152 2726 1277 2788 Miliaco
1300 2727 1389 2787 sitam
1413 2727 1497 2788 dedit
1518 2725 1620 2787 Adam

313 2815 351 2877 de
369 2815 484 2876 Ramis.
502 2848 546 2858 -
563 2816 750 2878 Aschetinus
766 2817 948 2894 vicecomes,
974 2816 1071 2897 Hugo
1088 2817 1126 2878 de
1144 2817 1259 2895 Ramis,
1276 2815 1437 2878 Gofftidus
1454 2816 1492 2877 de
1509 2813 1618 2895 Acula,

313 2903 455 2981 Alfenus,
482 2903 640 2966 Sicherius
665 2906 703 2966 de
726 2905 851 2984 Beritto,
877 2904 1046 2982 Porcellus,
1072 2905 1254 2968 Raucoldus
1280 2906 1318 2967 de
1343 2906 1460 2967 Ponzo.
1500 2903 1620 2965 Alanus

312 2993 478 3055 Boccerius
489 2993 615 3054 donavit
625 2995 758 3056 domum
775 2995 1101 3077 Hierosolymitaoam,
1119 2997 1203 3057 uode
1220 3011 1309 3057 testes
1326 3012 1414 3056 sunt:
1432 2993 1620 3055 Aschetinus

314 3082 497 3161 vicecomes,
515 3082 695 3162 Guerricus,
712 3085 868 3146 Hanricus
883 3085 1079 3164 Burgundio
1103 3086 1280 3148 Bernardus
1296 3085 1334 3145 de
1351 3084 1479 3145 Tolosia
1496 3099 1526 3143 et
1542 3101 1621 3144 uxor

314 3171 395 3233 Rufa
405 3172 602 3233 donaverunt
613 3172 764 3254 Hospitali
776 3174 908 3236 domum
925 3175 1084 3254 quandam
1100 3174 1216 3236 ibidem
1232 3191 1302 3235 ante
1319 3173 1480 3235 ecclesiam
1496 3172 1526 3233 S.
1537 3173 1619 3233 Mat-

312 3261 368 3322 tini
391 3261 490 3336 sitam,
515 3262 647 3323 Allanus
669 3280 767 3323 semet
791 3263 894 3343 ipsum
911 3280 940 3324 et
956 3281 1085 3324 omnem
1107 3262 1309 3326 substantiam
1331 3281 1421 3323 suam
1444 3278 1473 3323 et
1495 3263 1619 3338 domos,

314 3369 393 3430 quae
410 3367 483 3411 sunt
499 3349 531 3411 itt
547 3349 645 3432 platea
669 3351 931 3425 numulariorum,
954 3351 1109 3434 Hospitali
1133 3351 1294 3429 concessit,
1319 3352 1403 3413 unde
1426 3367 1532 3412 testes:
1559 3398 1619 3411 ...

313 3439 520 3501 Caesariensis
535 3441 660 3517 electus,
678 3441 751 3502 olim
770 3441 970 3503 cancellarius
984 3457 1116 3521 tautum,
1128 3443 1210 3522 Ug0,
1226 3460 1331 3502 comes
1341 3442 1530 3520 Trescensis,
1541 3439 1620 3502 Gof-

313 3528 411 3590 fridus
427 3529 465 3590 de
484 3529 638 3604 Patentea,
650 3531 836 3592 aschetinus
852 3531 1036 3608 vicecomes,
1054 3531 1211 3593 Rodulfus
1234 3530 1429 3606 camerarius,
1449 3529 1620 3590 Rainaldus

313 3618 351 3679 de
370 3619 485 3696 Poon,
503 3618 664 3681 Goffridus
681 3621 719 3681 de
737 3620 845 3698 Acula,
863 3619 1002 3681 Siherius
1020 3621 1057 3681 de
1074 3620 1199 3695 Beritto,
1216 3619 1384 3682 Porcellus.
1418 3620 1451 3680 ln
1467 3619 1620 3680 territorio

313 3725 386 3767 vero
410 3707 585 3768 Acconensi
610 3710 706 3770 Barda
730 3715 888 3775 Armentis
911 3725 940 3770 et
965 3728 1042 3770 uxor
1065 3707 1131 3786 ejus
1154 3710 1308 3771 dederunt
1331 3709 1428 3769 casale
1451 3710 1619 3779 Coltetum,

313 3795 458 3858 Aitaldus
482 3799 671 3876 cognomine
694 3799 793 3859 Barba
815 3798 977 3859 dimidiam
999 3813 1116 3880 partem
1143 3799 1249 3859 casalis
1272 3799 1427 3871 lebethza,
1450 3815 1479 3860 et
1494 3799 1620 3860 alteram

313 3884 475 3947 dimidiam
500 3886 627 3949 donavit
653 3887 849 3968 Aldebttrgis,
876 3905 965 3948 soror
991 3888 1144 3949 Lambetti
1170 3887 1373 3949 cambiatoris.
1407 3888 1441 3948 ln
1467 3886 1619 3949 territorio

313 3975 503 4036 Caesariensi
527 3976 654 4037 donavit
677 3976 838 4039 Goffridus
862 3977 900 4038 de
919 3977 1039 4038 Flaiaco
1056 3994 1086 4038 et
1102 3997 1174 4039 cum
1192 3999 1230 4039 eo
1246 3978 1403 4039 Johannes
1420 3977 1458 4038 de
1474 3976 1619 4038 Bethsam

313 4079 343 4125 et
352 4065 458 4144 Hugo,
470 4063 560 4126 frater
569 4064 646 4144 ejus,
657 4065 753 4127 casale
765 4065 930 4142 Calansue,
941 4066 974 4128 in
985 4066 1137 4128 territorio
1148 4067 1296 4128 Liddensi
1308 4067 1404 4145 Hugo
1416 4066 1556 4127 Deramis
1565 4066 1584 4143 ¹)
1595 4064 1619 4125 ll

313 4154 420 4214 casalia
431 4153 581 4215 Bethiben
593 4170 621 4216 et
631 4155 768 4235 Gendas,
780 4156 866 4236 quod
885 4157 1005 4217 donum
1023 4157 1094 4236 Ugo
1111 4156 1274 4237 Joppensis
1291 4157 1440 4217 dominus
1457 4155 1618 4216 concessit.

313 4242 441 4305 Factum
458 4263 513 4324 per
533 4263 662 4305 manum
688 4245 846 4307 Hemelini
870 4244 1109 4307 vicecancellarii
1134 4245 1228 4322 (Paoli
1247 4246 1267 4323 t,
1292 4265 1321 4326 p.
1346 4265 1392 4325 13,
1418 4246 1554 4320 N0.12;
1580 4244 1618 4304 cf.

313 4351 343 4414 p·
360 4333 557 4413 4⁷0-471l·
1554 4331 1620 4391 130

389 4431 405 4489 Ι)
424 4427 533 4497 Legas:
547 4427 583 4480 de
596 4425 701 4481 Ramis.

395 4566 413 4597 „
460 4520 661 4602 ,epact.Vlll.
679 4554 721 4563 -
739 4521 918 4583 Willelmus
930 4522 967 4583 de
978 4523 1068 4583 Buris
1085 4522 1229 4584 ecclesiae
1247 4522 1277 4583 S.
1291 4522 1404 4584 Mariae
1422 4523 1459 4582 de
1476 4523 1620 4602 Josaphat

313 4612 410 4671 casale
428 4610 458 4671 S.
470 4610 537 4670 Jobi
555 4630 627 4672 cum
644 4609 797 4671 territorio
823 4612 988 4692 pertinenti
1012 4628 1137 4693 excepta
1161 4612 1345 4693 pertinentia
1368 4611 1491 4672 alterius
1515 4611 1620 4672 casalis

312 4720 348 4761 ea
364 4700 543 4761 conditione
560 4701 665 4778 donat,
691 4715 725 4761 ut
747 4719 846 4782 nepos
862 4722 938 4763 suus
954 4700 1135 4763 Willelmus
1151 4702 1325 4762 monachus
1347 4700 1489 4761 dominio
1506 4716 1535 4761 et
1551 4703 1619 4762 red-

313 4790 438 4867 ditibus,
455 4789 560 4869 quoad
576 4789 667 4870 vivat,
685 4789 812 4852 fruatur.
829 4823 873 4834 —
898 4789 1052 4852 Radulfus
1069 4792 1107 4852 de
1124 4790 1246 4866 Ysiaco,
1264 4789 1492 4868 Warmundus,
1514 4790 1620 4852 Petrus

313 4880 352 4941 de
369 4877 493 4957 Crehel,
519 4877 680 4941 Albericus
701 4879 739 4940 de
756 4880 906 4959 Cremesi,
930 4881 982 4942 W.
1001 4881 1038 4942 de
1056 4880 1195 4962 Saphati,
1220 4879 1378 4943 Giraudus
1408 4879 1620 4960 marescalcus,
