3398 5400
598 372 677 447 regni
690 373 951 449 Hierosolymitani.
1366 381 1423 460 183

165 594 195 673 (l
207 593 272 655 189
289 597 369 656 Νον.
388 594 436 672 1.).
453 628 497 638 -
514 600 576 656 Azz
592 596 704 657 ed-din
720 594 859 655 Kilidsch
878 595 999 671 Arsldn,
1023 594 1173 655 soldanus
1189 594 1295 670 Iconii,
1320 595 1425 655 Fride-

120 684 185 745 rico
201 684 211 744 l
228 685 378 747 auxilium
395 702 500 745 contra
517 685 620 746 hostes
637 701 666 745 et
682 684 785 746 forum
803 684 957 765 optimum
976 684 1138 764 pollicetur
1154 683 1307 761 (Ansbert,
1325 704 1354 764 p.
1368 704 1402 763 5¹
1416 703 1424 758 3

120 774 318 856 excerptum).
336 768 345 856 ))
360 774 457 835 Filius
474 792 502 835 et
517 793 676 835 successor
691 774 834 834 antedicti
851 773 972 834 soldani
996 774 1080 833 Ktttb
1103 773 1214 833 ed-din
1238 773 1332 854 paulo
1355 788 1426 853 post

120 862 276 924 Friderico
293 863 303 923 l
320 862 508 943 obsequium
525 880 554 924 et
569 863 719 924 auxilium
746 863 894 944 promittit
918 862 1000 938 (ibid.
1023 882 1060 941 52
1079 878 1273 943 excerptum3
1299 861 1426 943 epistola

120 950 259 1030 ejusdem
277 952 309 1013 in
325 952 404 1013 Hist.
422 953 657 1033 peregrinorum
675 973 703 1034 p.
724 972 848 1032 515—5
860 953 894 1012 16
913 967 1033 1013 exstans
1049 950 1117 1011 ficta
1133 952 1197 1029 est).
1355 948 1426 1009 686

165 1061 176 1136 (
214 1105 233 1135 ,,
272 1059 293 1136 ).
320 1092 362 1103 -
388 1059 613 1135 *ΙΝ111111111,
643 1059 724 1119 «Dei
750 1060 844 1138 gratia
871 1059 1066 1141 provincialis
1092 1060 1257 1140 episcopus
1282 1074 1310 1119 et
1337 1058 1427 1118 frater

120 1149 151 1210 S.
170 1149 320 1209 Ecclesiae
338 1148 520 1210 Dominicae
538 1149 819 1223 Resurrectionis»,
843 1149 970 1229 epistola
994 1149 1132 1229 exponit,
1157 1147 1339 1209 christianos
1363 1146 1425 1208 fere

120 1253 215 1299 totam
232 1238 362 1298 Terram
379 1238 520 1299 Sanctam
538 1237 674 1298 amisisse
692 1236 863 1316 (Rdhricht,
881 1239 971 1299 81111.
990 1238 1010 1315 Ι,
1027 1258 1057 1318 p.
1081 1238 1272 1317 189-193).
1356 1233 1425 1295 687

164 1346 175 1421 l
213 1389 232 1419 ,‚
272 1343 532 1424 c.).-Epistola
549 1343 705 1404 christiani
722 1345 927 1422 transmarini,
939 1364 1000 1424 qua
1022 1345 1113 1405 refert
1129 1345 1167 1404 de
1185 1344 1283 1425 impio
1301 1343 1424 1404 foedere

120 1433 200 1494 inter
222 1433 440 1514 imperatorem
464 1432 848 1513 Constantinopolitanum
872 1450 900 1494 et
924 1434 1106 1495 Saladinum
1129 1433 1295 1495 soldanum
1319 1449 1426 1493 coutra

120 1522 257 1601 Latinos,
282 1522 422 1603 inprimis
446 1538 551 1582 contra
575 1521 765 1583 Fridericum
790 1524 800 1583 Ι
826 1524 1044 1604 imperatorem
1068 1523 1147 1583 facto
1171 1522 1300 1600 (Chron.
1320 1521 1425 1599 Magni

120 1613 253 1694 presbyt.
272 1612 303 1672 in
322 1613 409 1673 Mon.
421 1611 526 1673 Germ.
544 1610 597 1672 SS.
614 1611 708 1687 XVll,
730 1632 758 1693 p.
780 1614 987 1692 511-512).
1003 1607 1013 1696 ll
1029 1613 1074 1673 De
1092 1613 1193 1672 lsaaco
1211 1611 1333 1690 Angelo
1350 1629 1425 1671 con-

121 1699 421 1762 1ο11111110811111111
439 1716 467 1760 et
484 1702 577 1761 rebus
587 1701 941 1782 constantinopolitanis
958 1701 1184 1764 accuratissime
1201 1720 1304 1781 neque
1322 1716 1425 1760 tamen

119 1790 277 1851 verissime
294 1790 432 1851 11111111
455 1788 545 1866 legati
562 1791 642 1868 regis
659 1790 805 1851 Franciae
823 1790 916 1871 (Sept.
940 1792 1050 1869 1188?]
1068 1790 1341 1871 Constantinopoli
1359 1810 1425 1850 ver-

119 1896 220 1940 santes
244 1880 368 1956 (Bened.
387 1880 425 1939 de
442 1880 597 1941 Peterbor.
617 1879 651 1954 ΙΙ,
676 1901 705 1961 p.
727 1900 760 1960 51
776 1915 817 1922 —
830 1901 885 1960 533
912 1881 991 1959 Rog.
1010 1882 1047 1941 de
1066 1880 1237 1941 Hovedene
1254 1880 1288 1956 ll,
1313 1900 1342 1961 p.
1363 1899 1423 1959 355

123 2003 159 2012 -
167 1989 182 2048 3
190 1969 246 2049 56,
273 1969 426 2029 Radullus
443 1969 480 2028 de
498 1969 608 2029 Diceto
625 1968 658 2042 ll,
677 1989 706 2050 p.
722 1971 872 2048 58-60).
1355 1966 1426 2027 688

182 2074 271 2135 1190
288 2075 314 2153 (1
329 2076 399 2154 191)
418 2077 505 2136 Μ111.
519 2096 547 2150 7,
565 2075 627 2136 ind.
641 2075 690 2137 ΙΙΙ.
709 2112 751 2119 -
770 2077 974 2138 Boamundus
986 2076 1032 2150 lll,
1045 2075 1186 2156 princeps
1198 2076 1425 2154 Antiochenus,

121 2165 289 2226 Raimundi
301 2168 401 2225 bonae
412 2164 579 2225 memoriae
592 2165 738 2246 principis
752 2165 843 2244 filius,
854 2185 1010 2227 consensu
1022 2165 1192 2227 Raimundi
1205 2164 1259 2225 filii
1276 2181 1304 2225 et
1321 2165 1426 2226 uxoris

119 2254 241 2315 Sibillae
266 2254 415 2335 Hospitali
440 2253 569 2333 ejusque
594 2256 782 2336 praeceptori
807 2255 1005 2316 Antiocheno
1024 2255 1189 2315 Aldeberto
1214 2255 1425 2330 hereditatem,

119 2362 213 2423 quam
231 2344 375 2404 homines
392 2343 538 2424 principis
554 2344 629 2419 duo,
641 2364 778 2424 quorum
795 2361 926 2425 uterque
936 2345 1125 2405 Theodorus
1143 2344 1333 2420 nominatur,
1351 2363 1425 2404 ven-

119 2433 270 2510 diderant,
288 2433 320 2493 in
337 2453 398 2513 qua
415 2432 593 2492 continetur
608 2434 735 2494 ecclesia
752 2434 782 2495 S.
799 2434 972 2512 Theodori,
989 2431 1091 2513 sigillo
1108 2432 1269 2493 confirmat
1285 2451 1314 2494 et
1330 2433 1426 2493 donat

120 2542 215 2583 unam
232 2542 341 2601 rugam
358 2522 414 2582 sibi
432 2521 601 2603 propriam,
616 2521 723 2601 «eujus
741 2540 832 2604 caput
848 2539 893 2584 est
909 2540 978 2583 ante
990 2523 1122 2582 domum
1138 2536 1168 2582 et
1184 2542 1282 2603 prope
1293 2523 1425 2582 domum

119 2611 240 2673 domini
266 2611 345 2672 Petri
358 2658 469 2672 .....
495 2630 594 2690 usque
618 2613 654 2672 ad
682 2632 790 2691 rugam
816 2611 910 2689 illam,
937 2631 1017 2692 quae
1043 2611 1141 2672 tendit
1166 2613 1204 2671 ad
1231 2612 1350 2672 fontem
1376 2611 1427 2670 del

119 2701 305 2781 Nequaire.»
329 2734 372 2744 -
396 2700 562 2762 Gervasius
586 2702 623 2762 de
647 2700 815 2779 Sermania,
838 2701 1030 2762 senescalcus
1055 2700 1247 2777 Antiochiae,
1272 2699 1426 2761 Oliverius

119 2790 313 2866 camerarius,
324 2790 491 2867 lohannes,
509 2789 598 2850 frater
614 2789 689 2868 ejus,
707 2791 813 2851 Petrus
831 2792 868 2852 de
885 2791 1005 2866 Hasart,
1018 2791 1124 2851 Petrus
1136 2791 1173 2850 de
1186 2789 1300 2870 Logiis,
1312 2789 1425 2850 Riche-

119 2879 183 2940 rius
209 2880 247 2940 de
273 2879 424 2957 Arminat,
452 2879 707 2941 Bartholomaeus
721 2880 741 2956 1)
768 2879 983 2955 marescalcus,
1010 2878 1163 2940 Radulfus
1188 2880 1225 2939 de
1251 2880 1279 2939 la
1305 2878 1426 2956 Rivera,

119 2968 300 3030 castellanus
318 2968 513 3044 Antiochiae,
532 2968 711 3029 Willelmus
728 2970 765 3029 de
782 2968 812 3030 S.
831 2970 937 3045 Paulo,
955 2969 1016 3029 dux
1035 2968 1228 3029 Antiochiae.
1246 2969 1361 3029 Datum
1372 2987 1428 3048 per

120 3077 250 3119 manum
275 3057 410 3136 magistri
432 3057 560 3134 Alberti,
586 3057 769 3118 Tharsensis
795 3058 1016 3140 archiepiscopi
1034 3073 1063 3118 et
1080 3057 1249 3118 cancellarii
1269 3057 1426 3140 principis,

120 3147 311 3229 principatus
327 3167 411 3207 anno
427 3146 539 3209 XXVll
557 3147 650 3223 (Paoli
669 3148 690 3225 Ι,
712 3168 742 3229 p.
762 3169 835 3228 251,
860 3149 920 3209 No.
941 3168 1020 3222 2¹03
1046 3148 1083 3208 cf.
1103 3147 1250 3208 Delaville
1266 3146 1294 3208 le
1313 3146 1426 3223 Roulrr,

120 3256 150 3318 p.
172 3237 232 3316 23).
1356 3234 1427 3296 689

195 3341 215 3406 ¹)
234 3339 278 3391 De
291 3355 351 3409 quo
367 3338 488 3406 Eracles,
503 3356 529 3408 p.
545 3339 694 3409 207-208.

208 3486 228 3518 „
275 3442 373 3522 April.
391 3462 437 3518 to,
456 3442 519 3504 ind.
539 3443 549 3502 Ι
566 3443 664 3521 (Vlll).
685 3444 719 3504 ln
737 3443 900 3503 obsidione
918 3446 1034 3502 Accon,
1056 3477 1092 3486 —
1112 3440 1229 3520 Guid0,
1247 3462 1298 3503 rex
1316 3443 1427 3503 Hiero-

119 3531 334 3612 solymitanus,
352 3551 507 3592 consensu
526 3533 629 3593 uxoris
646 3532 769 3593 Sibillae
787 3532 934 3593 omnibus
950 3530 1143 3592 Amalfitanis
1159 3531 1291 3592 liberum
1307 3533 1427 3593 aditum

119 3636 150 3681 et
166 3621 292 3698 exitum,
311 3620 549 3698 immunitatem,
573 3621 743 3683 libertatem
760 3621 923 3698 terciariae,
948 3620 1117 3681 ancorandi
1134 3636 1162 3681 et
1178 3622 1333 3699 ancoragii
1355 3640 1427 3681 om-

120 3709 210 3771 nium
228 3710 354 3770 navium
373 3729 497 3770 necnon
515 3711 631 3771 curiam
648 3711 786 3790 liberam,
804 3710 930 3790 qualem
953 3711 1067 3770 habent
1085 3711 1257 3786 Venetiaui,
1281 3709 1383 3771 Pisani
1400 3727 1428 3770 11

119 3801 290 3860 lanuenses
306 3799 339 3859 in
355 3799 475 3860 civitate
494 3803 611 3878 Accon,
629 3801 766 3880 denique
790 3801 921 3860 domum
946 3805 1162 3860 Acconensem
1186 3819 1242 3881 pro
1263 3801 1347 3860 bono
1363 3819 1428 3860 ser-

120 3888 206 3962 vitio,
224 3888 310 3968 quod
334 3888 543 3950 christianitati
561 3889 710 3968 fecerunt,
734 3889 876 3950 concedit
893 3909 926 3949 ac
943 3887 1044 3968 sigillo
1062 3888 1233 3950 confirmat.
1254 3923 1293 3930 -
1312 3890 1428 3951 Comes

119 3977 287 4053 locelinus,
304 3977 407 4056 regius
423 3979 625 4056 senescalcus,
653 3979 749 4060 Hugo
765 3978 980 4060 Thyberiadis,
1003 3977 1172 4040 Gaufridtts
1190 3979 1301 4038 Fortus
1316 3979 1336 4050 1)
1354 3977 1427 4054 (sic),

120 4066 281 4147 Galganus
297 4067 335 4127 de
353 4067 529 4145 Cheneche,
544 4068 686 4129 Alelmus
702 4069 816 4146 Bellus,
835 4067 1009 4149 Raynerius
1026 4067 1063 4127 de
1081 4066 1233 4144 Gibeleto,
1252 4067 1428 4128 Antellinus

121 4156 160 4216 de
179 4156 318 4233 succan
336 4156 543 4237 Raymundus
554 4158 592 4217 de
603 4158 706 4219 Nefra.
725 4159 839 4218 Datum
857 4177 911 4238 per
928 4174 1057 4217 manum
1069 4156 1158 4232 Petri,
1170 4157 1244 4235 regii
1257 4156 1427 4217 cancellarii

120 4260 150 4305 et
165 4244 311 4305 ecclesiae
328 4246 539 4326 Tripolitanae
555 4246 763 4307 archidiaconi
788 4246 927 4323 (Camere
945 4246 965 4322 l,
990 4265 1019 4326 p.
1041 4265 1120 4321 201;
1146 4246 1427 4322 Bbhmer·Ficlter,

121 4338 196 4395 Acta
213 4333 288 4415 imp.
307 4335 425 4411 selecta,
443 4355 472 4415 p.
491 4337 755 4415 609—610,No.
775 4338 854 4414 8973
880 4335 918 4396 cf.
937 4335 1027 4416 Heyd
1045 4335 1066 4412 l,
1085 4355 1113 4416 p.
1134 4335 1217 4414 314).
1358 4333 1429 4394 690

192 4434 336 4489 Bbhmer:
361 4439 380 4502 ¹)
394 4437 512 4505 Tortus,
587 4439 609 4504 ²)
623 4437 710 4490 Luca.

211 4583 229 4615 „
277 4538 375 4621 April.
394 4561 439 4619 11,
457 4541 521 4601 ind.
532 4540 606 4600 Vlll.
623 4539 700 4621 Tyri
717 4539 750 4600 in
767 4539 904 4622 hospitio
915 4541 1072 4619 Rernardi,
1084 4540 1271 4602 vicecomitis
1283 4542 1320 4602 de
1331 4540 1428 4622 Tyr0.

120 4663 164 4672 -
181 4628 356 4706 Conradus,
384 4630 571 4690 marchionis
598 4628 816 4691 Montisferrati
844 4629 935 4708 filius,
962 4631 1111 4692 dominus
1136 4631 1223 4712 Tyri,
1251 4629 1376 4691 Sidonis
1402 4647 1431 4691 et

121 4718 246 4792 Berithi,
255 4718 275 4795 ¹)
286 4738 385 4799 quum
397 4720 568 4780 lanuenses
578 4719 610 4779 in
622 4718 803 4779 defensione
814 4719 928 4781 Terrae
940 4720 1067 4781 Sanctae
1080 4739 1204 4781 necnon
1221 4721 1252 4780 in
1264 4720 1428 4782 obsidione

197 4858 215 4924 ¹)
230 4856 382 4910 Conradus
394 4855 543 4911 dominum
561 4873 620 4910 non
631 4872 729 4926 regem
740 4857 791 4910 sed
802 4856 887 4910 trium
898 4875 983 4937 supra
995 4857 1137 4912 dictorum
1150 4855 1262 4911 urbium
1273 4870 1385 4912 tantum
1399 4875 1429 4913 se

120 4939 216 4998 vocat,
229 4946 301 5000 quas
316 4941 438 4983 exeunte
452 4927 606 4983 Februario
621 4940 707 4998 pacto
721 4945 787 4982 cum
802 4944 869 4998 rege
883 4930 1017 4984 (luidone
1031 4928 1109 4984 lacto
1127 4942 1277 5000 acceperat
1290 4929 1429 4998 (ltinerar.
