3398 5400
290 365 349 410 170
849 337 1024 409 Regesta

283 434 440 440 ——-—
453 433 540 440 —..
1145 436 1148 440 .
1179 435 1311 440 .—..—-
1320 435 1584 443 ...u—*—

283 559 322 620 de
338 559 562 620 saecularibus:
581 558 778 621 Raimundus
795 559 833 620 de
848 558 960 636 Biblio,
978 560 1126 621 Arbertus
1143 558 1301 637 Saraman,
1318 559 1497 621 Wilielmus
1514 561 1590 622 Por-

284 646 393 723 celleti,
412 648 610 709 Raimundus
627 649 664 708 de
681 647 850 725 Quaranta,
862 647 1041 709 Willelmus
1058 649 1234 728 Catalanus,
1251 648 1360 711 Petrus
1376 650 1414 711 de
1430 649 1589 730 Coquina,

286 737 464 815 Rainaldus,
476 736 558 798 filius
568 737 642 814 Sais,
652 736 671 814 ¹)
683 737 861 799 Willelmus
873 738 911 798 de
921 738 1063 817 Lambes‚
1081 737 1225 799 Stefanus
1235 738 1390 800 Alumnaz
1405 738 1588 816 (Alvernaz),

284 827 471 889 Bertrandus
487 827 669 903 vicecomes,
692 827 851 888 lohannes
874 827 912 888 de
936 827 1076 907 Albania,
1104 828 1277 888 Matthaeus
1300 828 1510 904 cancellarius,
1535 827 1590 908 qui

283 916 403 997 scripsit
419 914 513 992 (Paoli
529 915 551 993 Ι,
568 935 598 997 p.
617 916 801 993 zat-287,
818 916 879 977 N0.
898 935 933 991 73
952 917 1052 991 Prutz,
1071 936 1100 998 p.
1116 936 1296 996 124-125,
1316 917 1375 979 Νο.
1391 937 1448 997 593
1466 917 1503 978 ci.
1515 917 1589 978 Lois

285 1003 341 1085 [ed.
357 1003 510 1084 Beugnot]
528 1005 548 1083 1,
571 1025 601 1086 p.
620 1006 694 1085 643,
713 1005 798 1080 not).
1519 1003 1589 1065 642

358 1111 377 1175 ¹)
397 1106 473 1163 Alias
487 1105 603 1177 Saisius,
616 1106 747 1180 Sayxius,
760 1104 862 1162 Saxius
875 1118 1003 1161 vocatur.

345 1209 435 1270 1185
453 1209 524 1290 lvlaj.
547 1211 594 1287 16,
612 1210 676 1272 ind.
695 1211 742 1273 ΙΙΙ.
767 1215 884 1273 Accon.
901 1241 945 1254 -
961 1210 1134 1272 Balduinus
1151 1212 1188 1288 V,
1206 1231 1257 1281 rex
1273 1210 1587 1293 Hierosolymitanus,

282 1320 438 1362 consensu
456 1299 615 1361 Ramundi
631 1299 678 1377 ΙΙΙ,
696 1301 817 1362 comitis
832 1299 1019 1381 Tripolitani
1036 1316 1065 1361 et
1080 1300 1176 1362 totius
1200 1300 1288 1381 regni
1313 1300 1532 1382 procuratoris,
1559 1317 1589 1363 et

282 1390 408 1467 Ballani,
433 1388 554 1450 domini
576 1389 733 1470 Neapolis,
756 1389 899 1450 ecclesiae
922 1390 957 1450 B.
977 1389 1090 1451 Mariae
1108 1388 1202 1452 Vallis
1224 1391 1371 1472 Josaphat
1392 1390 1588 1452 medietatem

282 1480 418 1558 gastinae
435 1478 668 1560 Neapolitanae,
685 1498 765 1559 quae
782 1478 893 1540 dicitur
910 1479 1102 1554 Mesdedule,
1127 1498 1198 1540 cum
1216 1479 1377 1541 medietate
1393 1495 1490 1541 terrae
1507 1478 1589 1559 ejus-

283 1569 355 1630 dem
365 1568 502 1649 gastinae
513 1587 586 1628 cum
596 1569 734 1648 quodam
745 1567 859 1630 villano
870 1569 999 1630 Mensor
1014 1583 1043 1628 et
1059 1566 1199 1647 ejusdem
1210 1568 1280 1630 filiis
1295 1568 1397 1649 sigillo
1414 1568 1586 1630 confirmat.

284 1657 389 1733 Quam
413 1656 606 1718 medietatem
629 1657 765 1738 gastinae
789 1677 859 1721 cum
885 1656 1045 1719 medietate
1066 1673 1161 1719 terrae
1185 1655 1325 1736 ejusdem
1342 1658 1460 1735 Guido‚
1477 1658 1588 1722 raicius

284 1748 321 1808 de
339 1746 482 1828 Neapoli,
498 1745 564 1825 jure
582 1747 767 1808 hereditario
790 1767 845 1828 per
861 1745 1129 1809 confirmationem
1154 1747 1304 1829 privilegii
1323 1768 1360 1809 ex
1377 1748 1464 1809 dono
1482 1748 1588 1809 Amal-

282 1834 335 1896 rici
352 1837 362 1898 Ι
379 1837 502 1897 tenebat
518 1852 546 1896 et
563 1834 645 1896 idem
667 1854 753 1897 nunc
775 1855 902 1897 assensu
927 1851 956 1897 et
978 1836 1135 1896 voluntate
1159 1837 1264 1898 uxoris
1286 1857 1360 1898 suae
1383 1853 1413 1898 et
1435 1837 1587 1898 heredum

282 1926 453 2007 praedictae
470 1924 614 1986 ecclesiae
631 1925 671 1987 lV
688 1925 824 1986 millibus
840 1940 869 1986 et
885 1924 911 1986 L
927 1925 1063 1986 bisantiis
1086 1944 1141 2006 per
1164 1926 1300 1987 assisiam
1324 1942 1419 1987 terrae
1444 1926 1476 1986 in
1501 1946 1587 2007 prae-

281 2015 377 2075 sentia
394 2013 496 2076 curiae
512 2013 621 2092 regalis
637 2012 775 2076 vendidit
791 2034 840 2093 eo,
852 2015 938 2094 quod
950 2014 1096 2095 Neapolis
1107 2015 1255 2094 redditus,
1267 2034 1348 2096 quos
1359 2030 1588 2097 comparaverat

281 2104 420 2182 Baliano,
437 2102 583 2184 Neapolis
600 2103 740 2183 domino,
756 2118 786 2163 et
801 2102 913 2165 assisiis
930 2103 1048 2164 solvere
1068 2123 1133 2165 non
1151 2119 1276 2186 poterat.
1293 2138 1336 2148 -
1353 2105 1499 2186 Princeps
1516 2104 1587 2165 Rai-

282 2192 404 2275 naldus,
423 2191 540 2255 Montis
558 2191 681 2271 Regalis
698 2209 726 2253 et
743 2191 892 2254 dominus
912 2192 1134 2272 Hebronensis,
1156 2193 1338 2272 Joscelintts,
1362 2194 1466 2273 regius
1483 2213 1588 2255 senes-

281 2283 393 2360 calcus,
419 2283 515 2362 Hugo
538 2281 576 2343 de
597 2281 782 2363 Tyberiade,
806 2282 951 2343 Balianus
967 2283 1005 2343 de
1021 2282 1119 2363 Joppe
1143 2283 1338 2357 camerarius,
1363 2283 1527 2344 Rainerius
1550 2284 1587 2344 de

280 2371 394 2447 Turre,
414 2370 584 2433 Rainaldus
601 2371 639 2432 de
656 2371 899 2450 Montegisardo,
907 2371 927 2449 ¹)
939 2371 1124 2432 Gillebertus
1141 2372 1179 2433 de
1196 2373 1289 2449 Flori,
1306 2373 1478 2434 vicecomes
1490 2377 1588 2433 Acco-

284 2460 427 2540 nensis,²)
453 2461 607 2522 Robertus
624 2461 661 2521 de
679 2460 843 2537 Pinlcenni,
867 2460 1038 2522 Gaufridus
1054 2461 1260 2539 Turonensis,
1284 2461 1438 2523 Radullus
1454 2461 1532 2523 lterii
1550 2463 1588 2523 de

281 2550 462 2628 Jerusalem,
481 2547 658 2611 Gualterius
675 2549 843 2630 Malpinus.
869 2551 985 2611 Datum
1002 2569 1056 2630 per
1072 2569 1202 2611 manum
1213 2551 1302 2627 Petri,
1321 2550 1473 2633 Lydensis
1490 2551 1587 2612 archi-

282 2639 405 2701 diaconi
423 2638 566 2719 regisque
584 2639 754 2701 cancellarii
771 2638 966 2716 (Delaborde,
985 2659 1014 2720 p.
1033 2660 1174 2718 91—92,
1191 2640 1252 2701 N0·
1269 2641 1333 2721 43l·
1519 2638 1588 2700 643

357 2742 377 2809 ¹)
397 2741 440 2795 De
454 2757 513 2811 quo
529 2738 564 2794 cf.
579 2738 647 2795 Lois
661 2739 718 2807 (ed.
732 2740 881 2810 Beugnot)
894 2740 914 2810 Ι,
927 2757 954 2811 p.
967 2741 1028 2811 426.
1104 2743 1127 2808 ⁹)
1145 2741 1189 2795 De
1204 2758 1262 2813 quo
1277 2740 1343 2796 ibid.
1357 2742 1377 2811 Ι,
1391 2758 1418 2813 p.
1431 2760 1464 2811 42
1468 2759 1493 2812 5.

317 2905 318 2908 ,
371 2900 390 2929 ,,
436 2854 507 2914 Ι66.
531 2875 556 2932 1,
584 2853 646 2915 ind.
665 2854 712 2916 ΙΙΙ.
738 2860 854 2917 Accon.
881 2890 916 2899 —
942 2853 1115 2918 Balduinus
1138 2854 1175 2931 V,
1199 2873 1251 2914 rex
1274 2853 1588 2936 Hierosolymitanus,

281 2961 436 3004 consensu
448 2942 617 3004 Raimundi
626 2943 673 3021 ΙΙΙ,
683 2945 803 3005 comitis
811 2943 996 3026 Tripolitani
1007 2958 1037 3004 et
1047 2943 1142 3005 totius
1154 2944 1239 3022 regni
1251 2944 1468 3025 procuratoris,
1484 2945 1587 3005 losce-

282 3030 358 3106 lino,
375 3031 533 3094 avunculo
549 3048 578 3093 et
593 3035 768 3095 senescalco
784 3054 853 3113 suo,
870 3035 1040 3101 libertatem
1057 3033 1095 3094 de
1113 3047 1178 3093 toto
1194 3052 1306 3094 zucaro
1317 3053 1386 3111 suo,
1398 3034 1484 3113 quod
1497 3034 1587 3094 habet

284 3121 321 3181 de
339 3120 363 3182 ΙΙ
380 3121 540 3202 pressoriis
557 3121 588 3182 in
606 3123 695 3183 casali
712 3142 771 3185 suo
788 3123 934 3199 Lanahia,
952 3138 981 3184 et
1001 3121 1170 3183 libertatem
1188 3122 1225 3182 de
1243 3137 1308 3183 toto
1331 3121 1423 3182 melle
1447 3120 1587 3201 ejusdem

281 3210 382 3271 zucari
406 3211 547 3272 concedit
570 3226 600 3271 et
621 3211 723 3293 sigillo
749 3211 921 3274 confirmat.
948 3245 991 3256 -
1018 3212 1105 3289 Milo,
1132 3211 1235 3290 regius
1261 3211 1419 3292 pincerna,
1443 3212 1588 3273 Balianus

281 3299 477 3376 camerarius,
504 3300 656 3380 Paganus,
683 3301 829 3383 Cayphae
855 3302 1014 3379 dominus,
1040 3300 1218 3362 Gualterius
1243 3301 1349 3361 Durus
1374 3300 1586 3377 marescalcus,

281 3386 456 3450 Gilcbenus
472 3389 510 3450 de
527 3389 621 3467 Flori‚
639 3389 810 3451 vicecomes
827 3391 1027 3465 Acconensis,
1045 3389 1221 3451 Gotsuinus
1232 3389 1341 3467 Yrcus,
1353 3389 1532 3451 Willelmus
1549 3390 1586 3450 de

282 3476 502 3539 Molembecca.
528 3478 643 3539 Datum
669 3498 724 3560 per
749 3499 876 3541 manum
901 3480 991 3553 Petri,
1016 3478 1189 3561 Lyddeusis
1212 3478 1420 3540 archidiaconi
1445 3479 1586 3559 regisque

281 3565 450 3628 cancellarii
468 3565 629 3644 (Strehlke,
646 3588 675 3649 p.
694 3589 741 3646 17,
758 3569 819 3630 Νο.
843 3571 896 3642 183
923 3568 960 3630 cf.
978 3568 1149 3649 Altpreuss.
1168 3568 1373 3629 Monatsschr.
1398 3569 1489 3645 1882,
1507 3567 1586 3640 XIX,

280 3676 311 3737 p.
330 3656 404 3736 637,
421 3657 482 3718 N0.
503 3675 538 3737 3;
563 3677 593 3738 p.
612 3658 686 3738 644,
704 3659 764 3719 No.
784 3659 822 3735 2).
1518 3654 1587 3716 644

369 3817 388 3849 ,,
435 3770 1585 3853 Dec.-Reimunduslll,comesTripolitanusetregniHierosolymitani

280 3877 470 3941 procurator,
488 3861 640 3921 confrater
656 3860 687 3922 S.
705 3861 810 3922 Lazari
830 3861 1106 3943 Hierosolymitani
1128 3860 1229 3921 eidem
1246 3861 1356 3922 domui
1372 3875 1402 3921 et
1418 3862 1586 3937 Bernardo,

280 3966 354 4010 tunc
381 3951 536 4032 magistro,
563 3950 620 4011 XX
641 3950 789 4012 bisantios
811 3951 849 4011 de
874 3951 970 4012 funda
992 3949 1185 4031 Tripolitana
1208 3949 1368 4011 annuatim
1392 3950 1587 4031 recipiendos

281 4039 424 4101 concedit
439 4056 469 4101 et
479 4037 580 4119 sigillo
591 4038 764 4101 confirmat.
775 4073 818 4083 -
829 4041 935 4120 HugO,
947 4040 1096 4101 dominus
1106 4038 1207 4117 Biblii,
1219 4038 1415 4101 Raimondus
1425 4039 1464 4100 de
1474 4038 1586 4117 Biblio,

282 4128 500 4206 (Raimundus)
517 4129 555 4190 de
572 4128 725 4210 Nephins,
743 4129 914 4208 Astafortis,
932 4131 1080 4190 Arbertus
1097 4128 1254 4208 Saraman,
1273 4128 1436 4204 Plebanus,
1455 4128 1585 4206 Eradus,

281 4217 480 4294 Wlillelmus)
489 4218 648 4295 Porceleti,
658 4217 856 4280 Raimundus
866 4218 904 4279 de
916 4217 1101 4295 Montoliv0‚
1110 4217 1260 4279 Girardus
1268 4217 1449 4295 vicecomes,
1460 4217 1586 4294 Saisius,

281 4305 478 4369 Raimundus
489 4307 703 4385 Constantini,
718 4308 876 4368 lohannes
886 4308 924 4368 de
936 4309 1073 4386 Moneta,
1084 4306 1227 4386 magister
1235 4307 1414 4383 Arnaudus,
1426 4307 1587 4368 Mathaeus

280 4395 490 4474 cancellarius,
501 4396 555 4476 qui
567 4396 686 4477 scripsit
696 4396 855 4473 (Archives
867 4397 904 4458 de
915 4395 1048 4458 l'Orient
1058 4395 1132 4456 latin
1143 4396 1207 4473 ΙΙΒ,
1219 4415 1249 4476 p.
1266 4417 1368 4475 147-
1377 4397 1446 4476 148,
1458 4396 1518 4457 N0.
1530 4414 1586 4476 303

281 4484 318 4546 cf.
336 4484 487 4562 Cibrari0,
504 4505 534 4566 p.
554 4505 633 4566 2373
655 4487 800 4565 Ferrand,
816 4506 846 4568 p.
867 4507 882 4566 3
889 4486 928 4565 3).
1518 4481 1587 4544 645

356 4591 376 4656 ¹)
394 4588 476 4642 Loco
491 4586 623 4642 Balduini
635 4588 662 4642 V
676 4586 757 4658 regis.

325 4701 336 4778 (
375 4745 393 4776 „
434 4699 483 4776 c.).
510 4733 554 4742 —
579 4699 796 4778 *(Heraclius),
823 4699 993 4782 patriarcha
1018 4698 1586 4781 Hierosolymitanus,,Fridericuml

280 4806 376 4868 rogat,
386 4804 421 4851 ut
432 4804 527 4850 terrae
536 4787 837 4870 Hierosolymitanae
848 4808 944 4869 quam
955 4788 1112 4850 celerrime
1123 4789 1286 4850 subveniat
1296 4788 1331 4866 (F.
1341 4787 1447 4850 codice
1458 4789 1586 4850 Vetero-

280 4877 416 4941 Cellensi
440 4879 488 4940 ed.
514 4877 675 4956 Rohricht,
700 4877 973 4959 Quellenbeitrage
996 4899 1052 4940 zur
1075 4878 1187 4940 Gesch.
1210 4878 1239 4939 d.
1265 4879 1459 4958 Kreuzzuge,
1483 4877 1586 4940 Berlin
