3398 5400
198 377 256 437 118
759 368 934 438 Regesta

193 590 308 650 Datum
334 608 391 670 per
415 608 545 649 manum
571 587 706 665 Radulfi,
730 587 868 670 episcopi
893 586 1124 662 Bethlelemitae
1150 586 1304 666 regislque
1330 586 1503 648 cancellarii

193 679 389 756 (Delaborde,
407 697 436 759 p.
456 679 596 758 83—84,
614 679 674 740 No.
693 678 754 757 36).
1429 674 1502 737 450

242 784 332 844 1168
348 784 443 866 (Sept.
461 785 554 860 aute),
579 785 643 846 ind.
662 784 682 846 l.
708 818 749 828 -
767 783 973 845 Boamundus
989 781 1038 861 lll,
1055 782 1203 864 principis
1219 782 1390 844 Raimundi
1407 782 1501 863 lilius,

192 875 335 937 Guidoni
347 874 469 950 Falsart,
482 875 602 935 homini
619 894 679 935 suo
694 873 780 953 ligio,
798 872 940 934 concedit
956 887 986 932 et
1001 872 1102 950 sigillo
1119 871 1281 933 confirmat
1296 890 1415 933 nonam
1432 893 1501 954 par-

193 979 255 1024 tem
273 964 359 1025 DCC
375 962 590 1041 bisantiorum,
602 982 683 1044 quos
700 962 765 1044 ipse
783 963 874 1023 habet
890 961 923 1021 in
939 961 1076 1021 assisiam
1093 960 1172 1021 infra
1183 961 1394 1039 Antiochiam,
1405 980 1501 1042 quam

193 1052 307 1114 scilicet
330 1068 446 1134 partem
472 1052 603 1134 principi
627 1053 699 1114 dare
715 1052 878 1112 tenebatur
894 1068 951 1131 pro
967 1064 1046 1111 terra
1062 1049 1113 1111 illa
1129 1065 1158 1111 et
1174 1070 1231 1131 pro
1248 1051 1346 1130 ipsius
1362 1052 1500 1132 proprio,

193 1142 280 1223 quod
298 1142 441 1223 princeps
457 1142 583 1202 dederat
598 1141 734 1223 Templo
751 1156 781 1202 et
796 1139 960 1220 Hospitali,
984 1139 1113 1220 insuper
1135 1139 1287 1218 gastinam
1304 1140 1502 1201 Dendemam

194 1231 358 1294 confirmat
374 1233 411 1291 ab
428 1251 524 1292 uxore
541 1250 596 1291 sua
613 1230 786 1292 Clementia
810 1231 967 1307 donatam,
991 1227 1104 1288 deinde
1125 1243 1247 1305 terram,
1265 1248 1345 1309 quae
1362 1246 1407 1290 est
1422 1229 1503 1290 inter

195 1321 379 1381 antedictam
396 1320 547 1399 gastinam
564 1335 593 1380 et
609 1321 688 1380 viam
707 1318 864 1400 publicam
880 1319 918 1379 ad
935 1333 1064 1399 pontem
1075 1317 1158 1378 Ferri
1176 1318 1343 1379 ducentem
1353 1318 1443 1398 (quae
1454 1320 1502 1380 via

193 1425 237 1470 est
253 1409 295 1470 ibi
312 1425 392 1470 meta
408 1426 437 1470 et
453 1409 589 1487 divisio);
607 1412 644 1470 ab
661 1408 719 1469 alia
735 1424 829 1489 parte,
847 1426 927 1487 quae
944 1406 1066 1487 respicit
1081 1406 1290 1486 Antiochiam,
1307 1427 1377 1468 eam
1393 1407 1504 1470 dividit

193 1498 280 1559 collis
297 1499 467 1560 continuus
483 1519 499 1558 a
515 1499 563 1559 via
580 1499 733 1579 praedicta
750 1497 904 1577 usquead
923 1495 1054 1556 fluvium
1066 1495 1159 1557 Ferri.
1180 1497 1265 1557 Haec
1277 1497 1385 1576 utique
1401 1513 1446 1557 est
1463 1499 1501 1559 de

194 1587 376 1668 pertinentia
392 1588 528 1668 gastinae
544 1587 641 1649 Putei.
663 1622 698 1630 -
718 1586 924 1648 Eschivardus
941 1585 1069 1666 dapifer,
1079 1584 1258 1646 Willelmus
1273 1585 1370 1667 Tyrel
1386 1606 1501 1648 mares-

194 1676 307 1753 calcus,
331 1677 440 1738 Petrus
463 1677 657 1752 camerarius,
683 1675 851 1751 Boualbus,
875 1673 1046 1737 Gaufridus
1067 1674 1184 1735 Falsart
1206 1676 1279 1752 dux,
1303 1677 1446 1754 Paganus
1462 1676 1502 1738 de

193 1766 357 1843 Castelluz,
381 1766 497 1848 Helyas
520 1767 558 1827 de
581 1767 609 1828 la
631 1766 748 1827 Forest.
789 1765 904 1826 Datum
928 1783 983 1845 per
1005 1782 1136 1825 manum
1158 1763 1306 1825 ssemardi
1330 1765 1501 1826 cancellarii

193 1875 278 1916 anno
302 1855 492 1937 principatus
508 1855 536 1917 V
553 1855 711 1931 (Delaville
727 1854 756 1916 le
773 1853 888 1932 Roulx,
913 1873 942 1934 p.
967 1874 1075 1914 111—-
1089 1873 1158 1927 112,
1182 1854 1242 1915 No.
1263 1855 1302 1916 28
1322 1850 1369 1933 [cf.
1388 1873 1417 1935 p.
1441 1852 1500 1934 181,

194 1944 341 2023 Ducum,
360 1965 389 2026 p.
413 1964 550 2024 12-15,
567 1945 629 2006 No.
646 1964 683 2021 43
710 1945 810 2022 Prutz,
828 1963 858 2024 p.
878 1962 1017 2024 39—40,
1036 1943 1095 2003 N0.
1120 1943 1176 2020 rr).
1429 1941 1497 2003 451

276 2098 295 2128 „
341 2051 453 2114 Octob.
478 2073 525 2127 rr,
549 2052 613 2113 ind.
632 2051 666 2113 ll.
691 2049 929 2132 Hierosolymis.
948 2084 989 2093 —
1006 2050 1180 2111 Amalricus
1197 2049 1219 2128 l,
1243 2069 1295 2110 rex
1317 2049 1501 2132 Hierosoly-

195 2142 340 2219 mitanus,
365 2141 518 2222 Hospitali
541 2160 596 2222 per
619 2160 749 2202 manum
773 2140 890 2203 Giberti
915 2139 1050 2218 magistri
1074 2140 1213 2201 donaret
1229 2139 1501 2201 conceditBulbe·

193 2230 274 2292 sium
292 2231 312 2307 ¹)
336 2250 407 2291 cum
433 2230 633 2310 pertinentiis,
658 2249 735 2310 quas
759 2228 884 2290 civitatis
908 2228 1026 2290 incolae
1050 2228 1219 2309 possident,
1243 2243 1273 2289 et
1287 2244 1381 2289 terras
1404 2228 1501 2290 cultas

194 2335 224 2381 et
241 2319 381 2393 incultas,
399 2338 478 2400 quae
496 2319 727 2400 protenduntur
741 2340 757 2379 a
773 2317 915 2379 viciniori
938 2333 1021 2399 parte
1044 2316 1182 2379 Bulbesii
1204 2337 1312 2378 versus
1335 2318 1455 2400 Syriam
1472 2334 1502 2380 et

194 2429 288 2486 mare,
307 2409 391 2470 unde
408 2409 435 2470 C
451 2408 547 2469 millia
564 2408 767 2470 bisantiorum
785 2426 870 2468 anno
886 2408 1065 2484 reddantur,
1089 2423 1225 2487 praetera
1241 2406 1267 2467 L
1283 2407 1378 2468 millia
1398 2407 1501 2469 bisau-

193 2499 307 2559 tiorum
325 2498 438 2558 scilicet
456 2498 552 2578 quina
575 2497 671 2558 millia
687 2517 724 2558 ex
739 2499 767 2559 X
783 2496 850 2558 aliis
866 2496 1000 2578 Aegypti
1016 2496 1189 2558 civitatibus
1205 2496 1366 2558 aunuatim
1390 2515 1501 2578 prove-

194 2587 321 2664 nientia,
338 2606 473 2668 quarum
490 2587 619 2647 nomina
635 2602 723 2648 sunt:
741 2585 1088 2663 babilon,²)Thanes,³)
1099 2585 1248 2664 Damiata,
1260 2584 1363 2646 lnsula
1375 2585 1500 2663 Mall.,⁴l

195 2676 392 2754 Alexandria,
410 2677 537 2754 Chus,⁵)
554 2676 697 2754 Suana‘)
708 2675 831 2753 WheJ)
848 2674 1032 2756 Ahideph,⁸)
1049 2674 1156 2751 Fun,⁹)
1174 2675 1286 2736 deinde
1303 2675 1336 2735 in
1352 2676 1501 2737 omnibus

193 2781 290 2826 terrae
313 2765 485 2827 civitatibus
508 2765 655 2847 palatium
680 2781 718 2843 et,
736 2765 760 2826 si
777 2766 940 2826 thesaurus
962 2764 1082 2825 Mulani
1096 2764 1134 2842 ¹⁰)
1151 2779 1180 2824 et
1196 2762 1325 2825 aliarum
1344 2764 1500 2826 civitatum

196 2854 227 2915 in
244 2874 356 2916 manus
373 2853 452 2934 regis
470 2854 598 2933 venerit,
622 2871 682 2915 tam
700 2855 738 2915 de
754 2855 900 2915 thesauro
924 2853 1045 2914 Caharii
1070 2872 1165 2933 quam
1189 2852 1320 2915 aliarum
1343 2854 1500 2915 civitatum

194 2944 347 3005 decimam
364 2944 516 3024 integram
533 2961 561 3005 et
578 2943 744 3021 constituit,
761 2960 804 3021 ut,
820 2944 845 3004 si
862 2958 941 3003 terra
955 2957 984 3003 et
995 2958 1090 3003 terrae
1100 2943 1235 3003 thesauri
1245 2943 1274 3003 vi
1285 2943 1365 3024 capti
1376 2942 1500 3020 luerint,

194 3034 368 3095 secundum
394 3033 539 3094 militares
562 3031 690 3110 justitias
712 3039 856 3111 magister
872 3049 902 3093 et
919 3031 1023 3092 fratres
1046 3047 1107 3092 tam
1130 3033 1168 3092 de
1184 3032 1334 3093 thesauris
1351 3051 1447 3113 quam
1464 3033 1502 3094 de

193 3121 259 3182 aliis
284 3125 376 3183 rebus
401 3138 501 3204 partes
526 3143 608 3200 suas,
634 3138 798 3203 postquam
824 3141 876 3182 rex
903 3121 1098 3182 medietatem
1128 3122 1166 3182 de
1192 3122 1340 3183 omuibus
1365 3122 1501 3200 extraxit,

194 3212 311 3292 priores
328 3212 488 3273 obtineant
503 3228 542 3288 et,
559 3212 584 3273 si
602 3211 679 3273 forte
696 3226 774 3272 terra
791 3211 923 3292 pecunia
939 3231 971 3271 se
988 3211 1154 3289 redimerit,
1178 3210 1273 3271 iidem
1294 3211 1502 3272 nihilominus

193 3302 317 3362 easdem
334 3301 493 3382 accipiant.
525 3301 585 3362 Pro
602 3301 650 3361 his
667 3300 815 3362 omnibus
833 3300 978 3381 magister
1000 3300 1033 3360 in
1057 3300 1113 3360 hac
1137 3300 1333 3381 expeditione
1357 3299 1455 3382 prima
1473 3301 1501 3361 D

194 3390 305 3451 milites
322 3406 350 3451 et
366 3391 494 3452 totidem
512 3392 695 3471 turcopulos
712 3392 790 3451 bene
801 3405 935 3451 armatos
946 3389 1058 3450 habere
1069 3403 1098 3449 et
1108 3389 1191 3469 apud
1203 3389 1305 3450 larriz
1316 3390 1502 3450 marescalco

195 3479 243 3540 vel
259 3479 518 3542 comestabulario
535 3481 615 3558 regis
631 3494 802 3540 monstrare
819 3479 919 3556 debet,
937 3478 961 3538 si
978 3497 1052 3539 vero
1069 3478 1174 3539 minus
1190 3479 1238 3540 vel
1255 3479 1325 3560 plus
1342 3493 1502 3556 monstrat,

192 3569 265 3629 dicti
288 3569 426 3630 redditus
443 3569 626 3630 minuentur
642 3584 694 3631 aut
710 3571 917 3648 augebuntur,
942 3567 1078 3648 denique
1096 3567 1201 3629 fratres
1217 3567 1386 3649 Hospitalis
1402 3567 1502 3649 spolia

194 3675 222 3718 et
238 3659 385 3739 praedam
401 3657 484 3732 belli,
508 3659 540 3718 in
557 3677 622 3738 quo
639 3673 799 3719 versantur
816 3677 887 3719 cum
905 3656 980 3732 aliis,
1004 3657 1168 3718 indivisam
1186 3657 1347 3737 accipient,
1372 3657 1431 3718 nisi
1449 3678 1501 3718 ex·

193 3747 342 3827 peditioni
367 3767 418 3807 rex
441 3747 506 3827 ipse
523 3747 656 3808 interest.
673 3780 717 3790 —
733 3746 916 3822 Fridericus,
942 3746 1101 3826 Tyrensis,
1128 3745 1282 3823 Aitardus,
1308 3746 1499 3825 Nazarenus,

192 3835 423 3917 archiepiscopi,
433 3836 600 3913 Rodulfus,
610 3837 780 3913 bethleem,
793 3834 986 3912 Willermus,
1005 3835 1188 3911 Aconensis,
1206 3835 1354 3916 episcopi,
1372 3836 1500 3897 Gualte-

192 3925 266 4002 rius,
292 3925 436 4007 princeps
452 3925 616 4003 Galilaeae,
641 3926 747 4004 Hugo,
772 3925 921 3986 dominus
944 3924 1063 3999 lbelini,
1088 3923 1267 3997 Umfredus‚
1291 3925 1441 3985 dominus
1463 3925 1501 3986 de

191 4014 331 4093 Torone,
343 4014 523 4075 Willelmus
540 4014 753 4092 marescalcus,
766 4013 843 4075 Milo
860 4015 897 4074 de
915 4013 1047 4086 Plancei,
1059 4014 1266 4075 Gormundus
1277 4015 1315 4074 de
1326 4014 1501 4091 Tiberiade,

192 4104 305 4183 Guago
322 4105 360 4165 de
376 4103 548 4181 Novavilla,
573 4104 764 4167 Godefridus
781 4104 818 4164 de
837 4103 967 4179 Bremai,
992 4102 1054 4165 Gui
1071 4103 1109 4163 de
1131 4103 1287 4164 Maneriis.
1313 4104 1427 4164 Datum
1446 4122 1501 4184 per

194 4213 324 4255 manum
341 4192 476 4272 Radulfi,
494 4193 711 4255 Bethlemitani
728 4192 876 4274 episcopi,
893 4192 973 4271 regis
989 4192 1159 4253 cancellarii
1177 4192 1270 4269 (Pauli
1282 4192 1303 4270 l,
1316 4212 1345 4274 p.
1357 4193 1501 4272 48-49,

191 4283 252 4344 Νο.
269 4301 329 4361 47;
354 4282 392 4344 cl.
410 4303 440 4364 p.
457 4303 540 4363 4993
567 4283 726 4360 Robricht,
744 4282 900 4343 Amalrich
918 4282 939 4360 l,
957 4300 987 4362 p.
1005 4282 1202 4362 460—461).
1428 4279 1500 4341 452

268 4394 289 4459 ¹)
302 4390 415 4445 Bilbais.
492 4390 604 4458 ²)Misr.
684 4396 706 4458 ³)
720 4389 817 4444 Tanis.
897 4396 921 4458 ⁴)
936 4387 1066 4469 Mahalla.
1141 4391 1244 4459 ⁶)Kus.
1296 4391 1500 4470 ‘⁶ylgnotum.

193 4466 216 4530 ²)
237 4463 379 4542 lgnotum.
467 4465 490 4530 ⁸)
509 4463 652 4534 Ignotum.
726 4466 749 4529 ⁰)
768 4462 835 4516 Fua.
922 4465 955 4529 ¹⁰)
975 4460 1102 4516 Chalrfae
1120 4464 1149 4530 (e
1162 4462 1501 4533 generelaunudarum)

191 4533 325 4607 Aegyptt.

273 4683 292 4715 „
338 4635 449 4697 Octob.
463 4656 514 4715 20,
532 4636 596 4697 ind.
608 4636 642 4697 ll.
663 4635 808 4697 Ascalon.
827 4670 870 4678 —
885 4635 1061 4697 Amalricus
1077 4636 1097 4712 l,
1116 4655 1167 4696 rex
1184 4634 1500 4718 Hierosolymitanus,

191 4725 385 4787 Amalfitauis
408 4726 520 4788 domos
550 4724 652 4807 (supra
677 4725 739 4786 No.
768 4725 850 4804 380),
882 4745 960 4804 quas
983 4724 1201 4806 Raymuudus,
1225 4745 1331 4786 comes
1361 4726 1501 4807 Tripoli-

191 4830 293 4896 tanus,
311 4815 446 4892 dederat,
463 4815 564 4896 sigillo
581 4813 753 4876 confirmat.
771 4848 815 4857 —
831 4814 1019 4893 Gualterius,
1036 4814 1179 4895 princeps
1190 4814 1355 4893 Galilaeae,
1373 4815 1500 4877 Henfri-

191 4905 250 4967 dus
273 4903 529 4981 constabularius,
555 4904 633 4966 Milo
658 4902 786 4984 dapifer,
813 4902 1017 4965 Germundus
1044 4903 1082 4964 de
1107 4903 1282 4983 Tiberiade,
1309 4904 1500 4968 Guillelmus
