3398 5400
273 341 313 401 88
837 332 1013 402 Regesta

272 559 431 643 Stephani,
443 559 576 639 Radulfi,
587 560 831 622 Bethlehemitae
841 560 978 642 episcopi
994 560 1137 640 regisque
1147 559 1330 636 cancellarii,
1348 560 1380 622 in
1397 561 1458 624 hoc
1474 559 1580 623 officio

272 651 338 712 vice
355 650 513 730 fungentis
530 650 725 726 (Delaborde,
743 669 772 730 p.
792 651 932 724 tto—81,
950 651 1011 711 No.
1031 652 1092 730 33).
1509 649 1581 711 336

334 764 425 825 1159
441 765 552 827 Octob.
577 787 623 845 15,
642 764 705 827 ind.
723 764 800 826 Vlll.
823 765 1019 826 Terracinae.
1037 798 1080 808 —
1097 766 1272 826 Alexander
1288 766 1325 827 lll
1342 784 1420 847 papa
1438 766 1581 827 fratribus

273 855 304 917 S.
322 855 484 937 Sepulchri
508 875 563 936 per
585 874 715 916 manum
732 854 861 915 Arnaldi
884 855 996 936 prioris
1012 855 1171 936 privilegia
1187 857 1224 915 ab
1241 855 1487 917 antecessoribus
1503 875 1581 916 con-

273 964 356 1005 cessa
372 943 534 1005 confirmat
550 959 580 1004 et
596 943 747 1020 concedit,
765 960 799 1004 ut
815 944 934 1005 nemini
951 944 1039 1004 liceat
1054 944 1132 1005 vitae
1148 945 1315 1006 canonicae
1332 945 1475 1005 ordinem
1493 964 1580 1006 com-

272 1049 391 1095 mutare
412 1049 451 1111 et,
475 1033 500 1093 si
517 1052 598 1114 opus
614 1033 661 1111 sit,
680 1033 793 1094 Sedem
810 1033 1023 1114 Apostolicam
1039 1033 1133 1094 libere
1150 1034 1303 1115 appellare
1321 1034 1472 1112 (Roziere,
1489 1053 1520 1115 p.
1537 1035 1579 1096 68

272 1143 370 1201 -70,
388 1124 448 1184 uo.
469 1141 525 1202 35;
551 1121 837 1199 uffa-rawenfeu,
855 1123 915 1184 No.
940 1143 976 1184 10
989 1123 1071 1203 ma)-
1509 1120 1579 1182 337

361 1284 381 1316 „
428 1286 436 1316 ,
462 1239 526 1301 ind.
544 1239 621 1318 lv.1)
638 1274 682 1283 —
699 1240 882 1319 Milisendis‚
904 1239 1009 1320 regina
1026 1238 1320 1319 Hierosolymitana,
1338 1260 1492 1303 consensu
1510 1242 1580 1303 Bal·

273 1328 361 1391 duini
378 1328 416 1389 lll
432 1329 511 1408 regis
522 1327 576 1390 filii
592 1329 759 1391 conventui
776 1330 971 1410 leprosorum
989 1328 1019 1390 S.
1031 1328 1135 1389 Lazari
1146 1329 1296 1407 gastinam
1307 1330 1488 1408 Bethanam‚
1500 1351 1580 1411 quae

273 1434 317 1481 est
334 1418 371 1478 de
388 1418 540 1480 divisione
557 1418 769 1480 Mahumeriae
787 1419 924 1482 Geraudi
941 1418 1130 1496 cognomine
1155 1418 1257 1497 Regis,
1278 1435 1385 1501 utpote
1403 1420 1579 1495 Rohardus,

272 1507 795 1590 (vicecomesl'Hierosolymitanus,
821 1523 916 1569 metas
943 1507 1056 1589 posuit,
1085 1527 1184 1588 usque
1211 1509 1248 1568 ad
1273 1508 1457 1570 divisionem
1481 1509 1581 1570 fratris

272 1597 453 1676 Angeranni
477 1598 619 1658 concedit
643 1614 671 1658 et
693 1596 796 1677 sigillo
820 1597 991 1675 coufirmat,
1015 1598 1052 1657 ab
1077 1597 1133 1657 hac
1156 1596 1241 1657 enim
1259 1598 1420 1675 divisione,
1438 1598 1516 1659 sicut
1532 1599 1580 1659 via

273 1686 469 1768 protenditur
484 1706 585 1767 usque
601 1687 639 1746 ad
656 1706 772 1762 cavam,
784 1706 864 1766 quae
880 1702 925 1747 est
941 1686 974 1746 in
991 1686 1134 1768 opposita
1148 1701 1242 1767 parte.
1262 1722 1302 1730 -
1320 1687 1487 1765 Gerardus,
1498 1689 1580 1770 epis-

273 1795 372 1857 copus
388 1776 598 1853 Laodicensis,
616 1776 798 1838 Rainaudus
814 1777 852 1838 de
869 1775 900 1837 S.
910 1776 1043 1853 Valerio,
1060 1775 1222 1857 Philippus
1239 1777 1472 1858 Neapolitanus,
1484 1777 1580 1856 Hugo

273 1864 491 1942 Caesariensis,
516 1865 742 1927 Guermundus
767 1865 1018 1947 Tyberiadensis,
1041 1865 1213 1926 Balduinus
1238 1866 1383 1945 Bubalus,
1407 1866 1580 1928 vicecomes

273 1953 506 2035 Neapolitanus,
525 1955 681 2017 Gerardus
707 1955 903 2027 Passerellus,
927 1955 1082 2016 Robertus
1106 1953 1328 2033 Rigitestensis,
1352 1955 1449 2016 Fulco
1473 1955 1580 2035 Niger,

273 2045 380 2123 Hugo,
397 2043 482 2125 prior
498 2044 656 2105 Dominici
672 2044 809 2126 Templi,
827 2044 967 2105 Marinus
983 2044 1161 2120 canonicus,
1175 2044 1351 2105 Willelmus
1368 2045 1581 2124 Normannus,

275 2133 395 2214 Symon
412 2131 513 2212 judex,
530 2133 700 2194 Herbertus
715 2133 842 2211 Tortus,
859 2133 1024 2196 Geraudus
1041 2133 1107 2193 Rex
1123 2133 1161 2193 de
1178 2133 1403 2195 Mahomeriola
1420 2135 1581 2212 (Cibrari0,

273 2241 496 2305 p.232-233;
509 2222 655 2302 Ferrand,
665 2242 693 2304 p.
705 2242 759 2297 273
771 2223 895 2284 Archiv.
905 2221 1085 2283 del'Orient
1094 2222 1168 2283 latin
1177 2222 1201 2283 ll
1208 2223 1243 2300 B,
1252 2243 1282 2304 p.
1292 2244 1300 2283 r
1311 2243 1361 2304 35,
1370 2223 1431 2285 No.
1441 2245 1449 2284 1
1458 2224 1497 2301 6).
1510 2221 1581 2284 338

348 2326 369 2393 ¹)
388 2324 470 2379 Corr.
484 2324 523 2379 Vl
535 2323 581 2379 vel
594 2324 651 2379 VH.

362 2474 381 2506 „
429 2433 545 2490 Accon.
563 2461 606 2472 -
622 2427 792 2491 Gaufridus
808 2429 925 2491 Tortus
940 2428 1071 2511 leprosis
1095 2428 1125 2490 S.
1145 2428 1247 2489 Lazari
1265 2429 1303 2490 de
1320 2430 1489 2491 Jerusalem
1505 2448 1581 2491 con-

273 2538 368 2579 sensu
384 2518 490 2580 uxoris
501 2518 685 2580 Flandrinae
701 2535 731 2580 et
747 2519 898 2580 heredum
914 2537 1056 2594 suorum,
1073 2518 1151 2578 sicut
1167 2533 1252 2599 pater
1269 2518 1365 2600 ipsius
1381 2535 1582 2598 concesserat,

273 2608 331 2669 XX
349 2607 497 2668 bisantios
520 2608 669 2669 annuales
693 2627 797 2669 corant
820 2628 891 2688 rege
909 2608 1063 2669 Balduiuo
1080 2607 1116 2667 ΙΙΙ
1133 2607 1229 2668 donat
1245 2606 1373 2688 ejusque
1389 2608 1489 2687 sigillo
1506 2628 1582 2669 con-

274 2696 383 2758 firmat.
400 2730 444 2739 -
460 2696 630 2758 Rainaldus
656 2697 695 2758 de
720 2696 751 2759 S.
770 2698 902 2775 Valerio,
930 2696 1118 2758 Hemfredus
1143 2697 1181 2757 de
1206 2696 1401 2773 Torreum,¹l
1419 2697 1527 2759 Guido
1544 2698 1583 2759 de

275 2786 398 2848 Barbito
414 2805 502 2867 puer,
519 2786 755 2848 Clarembaldus
768 2787 951 2865 vicecomes,
962 2786 1048 2847 Hoto
1059 2786 1096 2846 de
1108 2785 1285 2864 Rimberge,
1296 2786 1466 2848 Garnerius
1475 2787 1583 2866 scriba,

274 2877 381 2938 Petrus
398 2876 436 2937 de
453 2876 560 2937 Caors.
592 2876 707 2937 Datum
725 2876 758 2937 in
774 2896 870 2937 manu
886 2876 1013 2938 Fulcius
1029 2875 1117 2938 Glael
1134 2875 1196 2952 (sic)
1220 2876 1379 2952 (Archives
1395 2877 1434 2938 de
1450 2876 1584 2938 l'Orient

273 2965 347 3026 latin
364 2964 432 3042 IlB,
450 2985 480 3046 p.
503 2966 574 3044 136,
591 2966 652 3027 N0.
675 2967 733 3042 17).
858 2980 878 3044 ¹)
891 2976 1145 3049 Legas3Turono.
1511 2963 1583 3026 339

319 3079 330 3159 (
369 3127 388 3157 „
427 3079 477 3157 c).
494 3113 539 3124 —-
561 3081 728 3159 arnaldus,
752 3081 838 3162 prior
860 3079 891 3141 S.
909 3079 1081 3161 Sepulchri,
1106 3101 1137 3142 se
1162 3080 1374 3142 Mahumeriae
1398 3080 1453 3140 has
1476 3080 1583 3143 fecisse

274 3169 544 3246 commutationes,
561 3168 733 3231 confirmat.
758 3170 892 3231 Primam
916 3170 1030 3230 scilicet
1053 3190 1124 3231 cum
1149 3168 1333 3246 Guiltlberto
1356 3169 1485 3251 Papasio
1508 3190 1584 3232 con·

273 3278 368 3321 sensu
385 3257 523 3337 ejusdem
541 3259 647 3320 uxoris
657 3259 804 3321 Usannae
822 3258 892 3320 fecit
908 3259 945 3319 de
961 3259 1051 3320 vinea
1068 3258 1212 3320 ecclesiae
1223 3258 1341 3320 Montis
1352 3258 1466 3321 Gaudii
1483 3259 1584 3321 vicina

274 3346 404 3429 ejusque
421 3349 578 3409 cimeterio
595 3348 773 3409 adhaerenti
784 3367 841 3430 pro
852 3348 987 3428 quadam
1004 3365 1087 3430 parte
1096 3348 1203 3408 vineae
1215 3348 1302 3409 certis
1312 3348 1402 3409 metis
1414 3347 1582 3426 designata,

274 3458 355 3519 quae
371 3437 479 3499 vineae
496 3435 636 3515 ejusdem
652 3437 794 3500 Guiberti
816 3435 964 3518 jungitur,
987 3438 1072 3498 unde
1096 3437 1248 3498 decimam
1271 3453 1300 3498 et
1322 3437 1497 3498 terraticum
1521 3438 1581 3500 dat.

275 3527 452 3590 Secundam
469 3527 538 3588 fecit
562 3546 634 3587 cum
650 3526 799 3589 Gauterio
815 3526 1017 3608 Carpentario
1034 3527 1072 3587 de
1089 3527 1177 3587 vinea
1195 3527 1364 3588 antedictae
1380 3526 1488 3588 vineae
1505 3547 1582 3589 con-

274 3615 387 3695 juncta,
404 3616 522 3678 tertiam
541 3635 612 3677 cum
629 3616 769 3678 Ainardo
787 3615 945 3678 Cavallom
963 3616 1001 3677 de
1017 3631 1101 3697 parte
1119 3615 1225 3677 vineae
1243 3613 1324 3692 juxta
1341 3632 1458 3696 partem
1476 3615 1583 3678 vineae

273 3705 412 3768 Gauterii
421 3706 488 3782 sita,
500 3725 594 3785 quam
606 3706 762 3767 Ainardus
773 3705 868 3766 nimia
879 3721 1055 3786 paupertate
1067 3706 1248 3787 compulsus
1264 3719 1293 3764 et
1309 3724 1463 3766 consensu
1477 3706 1583 3767 uxoris

275 3795 410 3857 Martino
427 3795 629 3876 Carpeutario
646 3795 763 3856 Montis
780 3794 893 3856 Gaudii
910 3794 1058 3873 vendidit,
1076 3810 1215 3875 quartam
1240 3813 1312 3854 cum
1335 3793 1456 3855 filiabus
1479 3795 1582 3857 Pontii

274 3884 391 3946 Faverii
408 3904 578 3965 earumque
595 3883 783 3964 conjugibus
799 3885 837 3945 de
853 3899 931 3945 terra
941 3884 1027 3945 XXX
1039 3882 1181 3962 jugerum
1192 3883 1224 3945 in
1235 3883 1387 3944 territorio
1399 3884 1582 3960 Kalandriae

273 3974 339 4052 sita,
356 3993 414 4055 pro
431 3993 493 4054 qua
509 3973 593 4035 dedit
608 3973 632 4034 ll
649 3974 744 4055 petias
760 3973 868 4035 vineae
885 3974 917 4034 in
934 3973 1011 4034 valle
1029 3974 1057 4036 S.
1070 3974 1194 4050 Mariae,
1206 3992 1286 4052 quae
1304 3972 1430 4034 luerunt
1447 3972 1527 4034 Petri
1543 3974 1582 4035 de

274 4062 427 4138 Rametis;
446 4063 530 4125 dedit
546 4082 676 4144 quoque
688 4063 846 4145 Stephano
857 4063 1013 4124 Pastinace
1024 4063 1157 4140 vineam,
1174 4081 1253 4142 quae
1266 4062 1323 4123 luit
1333 4061 1431 4122 fratris
1441 4062 1580 4125 Arnaldi.

274 4152 426 4228 Quintam
450 4153 729 4214 commutationem
747 4153 815 4213 fecit
835 4171 908 4214 cum
924 4152 1022 4233 Helya
1039 4168 1068 4213 et
1085 4152 1205 4229 Amic0,
1221 4170 1338 4233 genero
1355 4149 1431 4228 ejus,
1449 4151 1487 4212 de
1504 4171 1582 4232 qua-

274 4243 346 4303 dam
368 4256 453 4322 parte
475 4242 556 4302 horti
581 4242 734 4322 berquilio
756 4242 866 4320 vicina,
890 4260 948 4323 pro
971 4261 1033 4322 qua
1056 4242 1140 4302 dedit
1163 4240 1321 4321 quandam
1345 4256 1461 4320 partem
1485 4256 1582 4303 terrae

273 4332 416 4409 incultae,
426 4350 521 4411 quam
538 4346 635 4393 terrae
646 4331 763 4413 Helyae
781 4330 937 4393 confinem
955 4331 1095 4392 canonici
1112 4350 1205 4412 super
1221 4329 1525 4391 concordiaRoberti
1543 4331 1582 4392 de

273 4421 378 4482 Retest
394 4420 495 4502 adepti
513 4436 607 4498 erant,
632 4437 748 4482 sextam
765 4440 838 4482 cum
855 4420 1018 4502 Hospitali,
1035 4422 1122 4500 quod
1139 4435 1184 4480 est
1200 4419 1425 4494 Mahumariae,
1449 4419 1487 4479 de
1504 4438 1582 4498 qua-

274 4511 345 4572 darn
371 4526 456 4591 parte
481 4510 573 4587 horti,
600 4530 679 4590 quae
704 4526 788 4571 tenet
804 4531 820 4570 a
837 4510 991 4590 berquilio
1016 4509 1179 4591 Sepulchri
1206 4527 1305 4589 usque
1329 4509 1367 4569 ad
1391 4508 1583 4589 berquilium

273 4597 414 4677 ejusdem
438 4599 617 4680 Hospitalis,
642 4618 699 4681 pro
722 4619 784 4680 qua
810 4599 892 4661 dicto
915 4599 1067 4681 Hospitali
1085 4598 1107 4658 ll
1124 4597 1229 4678 jugera
1253 4597 1359 4658 vineae
1383 4598 1477 4676 dedit,
1501 4617 1582 4678 quae

274 4688 332 4750 fuit
349 4688 446 4749 fratris
463 4688 611 4770 Stephani
628 4689 751 4750 Ortalis.
776 4689 898 4750 Deinde
914 4688 999 4770 prior
1014 4689 1186 4749 antedictus
1202 4703 1313 4765 narrat,
1329 4707 1372 4765 se,
1388 4706 1489 4767 quum
1506 4687 1582 4748 olim

274 4777 489 4840 Mahumeriae
513 4795 693 4855 versaretur,
718 4779 830 4839 baculo
852 4777 964 4838 tradito
980 4798 996 4837 a
1013 4777 1103 4839 fratre
1120 4777 1257 4838 Roberto
1275 4776 1417 4837 Porcario
1441 4773 1581 4851 ejusdem

274 4867 487 4949 possessiones
509 4868 671 4949 accepisse,
695 4869 749 4929 sed
770 4869 881 4947 eidem,
899 4868 1005 4946 quoad
1022 4867 1146 4947 viveret,
1163 4866 1382 4929 custodiendas
1400 4865 1581 4928 reddidisse.
