3398 5400
811 311 987 384 Regesta

310 548 410 611 1104.
434 584 480 595 -
501 550 674 612 Balduinus
698 550 719 627 Ι,
744 569 796 611 rex
820 550 1135 632 Hierosolymitanus,
1168 549 1311 610 ecclesiae
1335 549 1369 610 B.
1394 549 1553 610 Laurentii

247 641 397 703 Januensi
413 640 508 702 donat
523 640 654 722 plateam
673 640 705 700 in
721 639 850 702 Civitate
867 640 978 702 Sancta
994 655 1023 700 et
1038 639 1154 720 Joppae
1179 638 1269 717 viam,
1292 639 1411 700 tertiam
1435 655 1553 720 partem

249 730 375 792 civitatis
386 735 504 791 Arezus
521 729 649 791 interius
665 749 737 791 cum
754 729 841 790 tertia
857 745 941 810 parte
957 729 1040 790 illius
1056 745 1164 806 terrae,
1181 747 1282 808 usque
1293 748 1358 809 quo
1369 728 1553 789 distenditur

248 820 339 898 leuga
355 839 429 897 una,
446 836 475 881 et
491 820 587 881 casale
604 819 637 879 in
653 819 773 893 eadem,
789 819 929 880 similiter
945 819 977 879 in
989 818 1106 879 civitate
1117 818 1293 896 Caesareae,
1304 818 1424 879 tertiam
1435 833 1552 899 partem

249 909 334 971 urbis
345 913 452 971 Accon
469 928 541 969 cum
558 908 644 969 tertia
660 924 744 989 parte
761 908 900 970 redditus
909 924 1019 989 portus
1035 923 1064 968 et
1080 907 1207 968 civitatis
1218 927 1341 968 necnon
1352 907 1435 968 illius
1445 923 1549 980 terrae,

250 1017 418 1079 usquequo
435 998 609 1059 extenditur
623 997 716 1077 leuga
732 1017 805 1076 una,
823 1013 853 1058 et
868 997 952 1060 CCC
975 997 1122 1058 bisantios
1145 997 1307 1058 communi
1331 997 1483 1057 rationem
1504 1016 1550 1056 ca-

248 1088 361 1149 salium
376 1088 410 1148 in
427 1105 623 1167 unoquoque
639 1106 735 1163 ann0,
755 1087 873 1148 tertiam
891 1103 1007 1168 partem
1026 1085 1274 1166 uniuscujusque
1291 1086 1458 1156 civitatum,
1476 1104 1550 1165 quas

249 1196 301 1239 rex
317 1177 432 1239 auxilio
448 1177 652 1238 Janueusium
668 1176 896 1257 quinquaginta
911 1176 960 1237 vel
975 1176 1113 1257 plurium
1132 1175 1254 1256 ceperit,
1279 1195 1352 1237 cum
1367 1176 1453 1237 tertia
1469 1194 1550 1256 parte

249 1267 387 1328 redditus
408 1282 437 1328 et
458 1282 555 1327 terrae
578 1265 701 1327 illarum
723 1265 892 1343 civitatum,
917 1284 1083 1346 usquequo
1108 1264 1292 1326 distenditur
1314 1265 1404 1344 leuga
1427 1284 1501 1342 una,
1525 1279 1552 1324 et

249 1356 345 1417 casale
363 1375 464 1417 unum
481 1355 513 1415 in
532 1373 731 1434 unaquaque,
748 1355 835 1435 quod
847 1355 958 1416 melius
969 1354 1405 1434 elegerintexceptisduobus,
1417 1354 1550 1433 denique

248 1444 368 1506 tertiam
385 1460 503 1526 partem
520 1443 646 1505 civitatis
662 1444 862 1525 Babyloniae,
876 1442 897 1521 Ι)
920 1444 945 1504 si
963 1463 1030 1505 eam
1047 1444 1162 1506 auxilio
1179 1443 1318 1525 ipsorum
1335 1444 1458 1524 ceperit,
1481 1462 1550 1504 cum

249 1533 287 1595 ΙΙΙ
304 1535 455 1596 casalibus
472 1533 664 1614 melioribus,
676 1552 757 1613 quae
774 1533 930 1613 elegerint.
957 1533 1003 1594 De
1020 1548 1120 1594 cetero
1137 1551 1192 1594 eos
1208 1551 1382 1613 eorumque
1400 1552 1550 1593 commer-

249 1623 333 1685 cium
350 1623 428 1685 tueri
445 1623 604 1703 promittit.
633 1657 670 1667 -
695 1622 767 1702 Ugo
784 1623 822 1683 de
838 1621 980 1699 Tabaria,
1004 1622 1076 1702 Ugo
1093 1622 1130 1683 de
1148 1622 1178 1684 S.
1197 1622 1361 1701 Habraam,
1388 1621 1551 1684 Gervasius

248 1712 378 1794 dapifer,
403 1713 556 1775 Galterius
573 1712 743 1789 Mahomet,
770 1711 951 1773 Fredericus
974 1712 1012 1773 de
1036 1712 1199 1789 Corbolio,
1223 1712 1347 1773 Peselus
1371 1712 1551 1791 vicecomes,

249 1802 419 1865 Gauftidus
431 1804 453 1880 Ι)
470 1802 509 1863 de
524 1801 626 1863 Turre
650 1800 759 1879 David,
783 1801 919 1864 Gotman
937 1801 1039 1878 (Liber
1054 1799 1171 1879 jurium
1188 1800 1209 1877 Ι,
1227 1820 1256 1881 p.
1281 1803 1418 1878 16-17,
1436 1802 1496 1862 Nn.
1516 1803 1552 1873 8;

248 1891 385 1972 Ughelli,
411 1891 492 1953 ltalia
515 1910 599 1952 sacra
615 1890 666 1965 lv,
691 1911 721 1972 p.
740 1892 914 1971 848-849
933 1889 982 1970 [ad
1005 1888 1112 1969 1109];
1138 1890 1226 1952 Serra
1244 1890 1294 1968 IV,
1312 1911 1341 1971 p.
1366 1907 1552 1970 142-1443

249 1981 286 2043 cf.
304 1981 444 2061 Cafarus,
469 1980 623 2042 Liberatio
647 1980 784 2041 Orientis
800 1980 848 2041 ed.
868 1980 959 2040 Riant
975 1980 1008 2040 in
1024 1979 1152 2040 Recueil
1169 1979 1222 2040 des
1239 1979 1307 2040 hist.
1326 1979 1355 2040 d.
1373 1980 1473 2057 crois,
1491 1995 1552 2039 aut.

248 2070 346 2133 occid.
364 2071 402 2149 V,
419 2091 450 2152 p.
472 2090 521 2150 59,
538 2085 621 2142 not.;
647 2069 739 2142 Heyd
756 2069 777 2149 Ι,
794 2089 824 2150 p.
849 2068 930 2149 151).
1508 2064 1554 2126 43

325 2192 342 2252 ¹)
364 2193 446 2259 Quae
460 2201 492 2243 ut
504 2206 536 2244 ca
559 2200 655 2243 eretur
667 2186 724 2258 jam
737 2186 831 2260 primo
846 2187 921 2243 bello
935 2204 1018 2243 sacro
1036 2186 1138 2242 milites
1160 2186 1224 2241 belli
1244 2185 1404 2258 peritissimi
1424 2187 1548 2258 postula-

248 2272 349 2316 verant
359 2260 518 2330 (Rbhricht,
555 2258 673 2314 malrich
686 2259 696 2312 Ι
709 2257 738 2313 in
751 2257 843 2314 Mitth.
858 2259 884 2312 d.
893 2259 920 2313 lc.
928 2259 955 2313 k.
966 2264 1067 2313 dsterr.
1078 2258 1204 2313 Instituts
1218 2256 1266 2312 fllr
1279 2257 1554 2313 Geschichtsforsch.

253 2332 330 2404 1891,
343 2349 370 2413 p.
383 2335 458 2405 437).
525 2336 562 2412 j)
582 2329 750 2385 Gumfridus
764 2331 800 2384 de
813 2332 906 2411 Turre
918 2329 1031 2385 David?
1051 2329 1095 2385 Cf.
1109 2329 1172 2385 Alb.
1187 2331 1314 2401 Aquens.
1328 2328 1357 2384 in
1371 2330 1436 2385 Rec.
1451 2330 1476 2383 d.
1491 2328 1554 2384 hist.

250 2403 277 2458 d.
291 2419 384 2473 crois,
398 2415 454 2458 aut.
469 2402 560 2458 occtd.
575 2403 622 2472 lV,
634 2419 661 2474 p.
675 2402 737 2473 621,
750 2402 811 2476 632,
824 2414 884 2475 037.

313 2522 404 2584 1105
419 2526 485 2586 Jan.
505 2543 556 2604 31,
577 2523 642 2585 ind.
660 2523 737 2585 Xlll.
771 2525 805 2585 ln
823 2525 931 2586 Monte
948 2523 1124 2602 Peregrino.
1150 2558 1189 2566 -
1215 2523 1433 2606 Raymundus,
1451 2542 1555 2584 comes

251 2613 283 2677 S.
301 2614 436 2694 Aegidii,
460 2614 492 2674 in
509 2613 637 2675 articulo
653 2613 761 2674 mortis
774 2615 794 2692 ¹)
812 2614 956 2675 ecclesiae
973 2613 1143 2674 Arelatensi
1168 2611 1298 2693 ejusque
1322 2612 1555 2694 archiepiscopo

251 2703 398 2767 Gibeliuo
414 2719 568 2785 poterram
586 2703 624 2763 de
642 2703 788 2782 Argentia
804 2702 946 2765 concedit
962 2719 991 2764 et
1011 2703 1112 2782 sigillo
1136 2702 1307 2764 confirmat.
1331 2736 1375 2746 -
1399 2702 1554 2780 Aiminus,

250 2793 417 2875 episcopus
448 2791 656 2867 Tolonensis‚
690 2792 841 2854 Aicardus
874 2792 913 2853 de
947 2792 1097 2870 Massilia,
1132 2792 1330 2853 Raimundus
1363 2792 1401 2853 de
1433 2792 1554 2867 Balcio,

250 2882 387 2944 decanus
406 2882 445 2943 de
461 2881 644 2959 Poscheriis,
669 2882 857 2943 Bertraudus
880 2882 1077 2958 Porcelletus,
1098 2881 1273 2943 Willelmus
1297 2882 1400 2961 Arvei,
1424 2880 1554 2943 Pontius

250 2971 289 3033 de
306 2971 377 3049 Fos,
395 2972 574 3051 Rostagnus
590 2971 628 3032 de
644 2972 727 3033 Port.
739 2971 872 3048 Getvila,
890 2971 1043 3032 comitissa
1060 2986 1089 3031 et
1105 2971 1294 3048 Adefonsus,
1311 2970 1403 3048 filius,
1421 2969 1553 3047 firmant,

249 3061 385 3123 Poncius
402 3061 440 3122 de
456 3061 566 3123 Brosio
583 3060 702 3142 scripsit
718 3060 826 3137 (Gallia
843 3060 944 3122 christ.
963 3060 984 3139 Ι,
1001 3060 1097 3139 instr,
1115 3080 1145 3142 p.
1157 3081 1209 3139 97,
1229 3061 1289 3121 No.
1307 3080 1360 3140 13;
1378 3060 1416 3121 cf.
1427 3060 1554 3121 Barthc'-

249 3150 343 3232 lemy,
361 3149 479 3212 lnvent.
496 3149 637 3211 chronol.
655 3167 684 3211 et
700 3149 812 3232 analyt.
829 3151 858 3212 d.
876 3150 993 3211 chartes
1009 3151 1047 3212 de
1063 3151 1092 3211 la
1109 3151 1229 3212 maison
1244 3150 1282 3211 de
1293 3151 1389 3227 Baux,
1402 3149 1554 3211 Marseille

256 3241 348 3318 1882,
365 3260 395 3321 p.
414 3240 444 3319 6,
462 3240 522 3301 Nn.
542 3239 603 3317 27).
1509 3235 1555 3297 44

325 3362 343 3430 ¹)
363 3358 443 3415 Obiit
456 3360 490 3414 28
502 3359 585 3414 Febr.
603 3377 667 3432 ¹¹05
682 3360 904 3431 (Hagenmeyer,
918 3359 1015 3428 Gesta,
1028 3374 1054 3429 p.
1073 3364 1226 3430 131-132).

352 3527 371 3557 „
418 3479 490 3559 Maj.
511 3481 550 3543 26
569 3482 686 3562 (1104).
711 3514 754 3525 —
776 3480 950 3542 Balduinus
975 3481 996 3559 Ι,
1020 3500 1072 3542 rex
1090 3480 1402 3562 Hierosolymitauus,
1419 3479 1554 3539 Januen-

249 3570 336 3632 sibus
359 3571 397 3632 de
422 3570 652 3651 expugnatione
676 3570 791 3632 Terrae
815 3570 942 3632 Sanctae
967 3570 1083 3651 optime
1112 3569 1228 3631 meritis
1259 3568 1456 3651 privilegium
1479 3588 1554 3629 con-

249 3659 328 3722 cedit
344 3675 373 3720 et
388 3659 490 3739 sigillo
507 3659 670 3721 confirmat
686 3659 787 3735 (Liber
803 3658 917 3737 jurium
936 3658 958 3736 l,
975 3679 1005 3740 p.
1024 3680 1070 3737 17,
1089 3659 1149 3720 No.
1162 3675 1198 3738 93
1224 3657 1348 3738 Ughelli
1365 3658 1415 3735 ΙΙΙ,
1432 3677 1462 3738 p.
1473 3659 1553 3737 848,

249 3748 362 3828 Ltlnig,
388 3749 497 3811 Codex
514 3749 643 3831 diplom.
668 3748 730 3810 ltal.
749 3748 783 3825 ΙΙ,
808 3768 838 3829 p.
858 3749 1086 3825 2081—2082,
1112 3749 1172 3809 Νο.
1190 3767 1227 3828 4,
1259 3747 1406 3809 Archives
1422 3747 1452 3808 d.
1471 3747 1553 3809 miss.

248 3838 365 3913 scient,
389 3839 481 3918 1857,
499 3858 529 3919 p.
549 3839 628 3918 366,
651 3837 688 3898 cf.
707 3837 842 3899 Fanucci
860 3837 880 3914 Ι,
898 3857 928 3919 p.
953 3838 1140 3918 rba-1633
1167 3838 1259 3899 Carlo
1273 3839 1408 3916 Pagano,
1425 3856 1455 3918 p.
1474 3856 1553 3917 2⁰43

248 3927 338 3990 Serra
355 3927 405 4005 ΙΙΙ,
423 3948 453 4010 p.
469 3947 545 4008 141,
564 3927 654 4010 Heyd
671 3926 693 4004 l,
710 3947 740 4008 p.
757 3929 944 4006 137-138;
969 3927 1100 4007 Langer,
1118 3926 1280 3989 Politiscbe
1297 3925 1409 3988 Gesch.
1428 3926 1555 3988 Genuas

249 4017 316 4079 und
332 4016 416 4078 Pisas
432 4017 476 4077 im
493 4017 557 4078 XII.
574 4016 689 4095 Jahrb,
707 4016 834 4098 Leipzig
857 4018 949 4094 1882,
972 4036 1002 4098 p.
1027 4018 1106 4096 156).
1122 4010 1131 4099 ll
1146 4016 1255 4077 Tenor
1277 4014 1372 4094 hujus
1393 4015 1554 4097 privilegii,

248 4106 336 4188 quod
352 4106 525 4168 Balduinus
542 4105 553 4167 Ι
569 4125 662 4187 supra
680 4105 821 4186 excerpit,
833 4107 1003 4167 Januenses
1013 4126 1087 4167 vero
1098 4105 1196 4186 pretio
1208 4105 1231 4165 ΙΙ
1242 4105 1375 4166 millium
1387 4124 1555 4167 aureorum

248 4215 304 4278 per
321 4195 547 4275 Rengherium,
564 4194 711 4256 artificem
720 4195 967 4269 Bononiensem,
978 4195 1009 4256 in
1025 4195 1171 4256 «circuitu
1184 4194 1313 4255 Altaris»
1332 4195 1439 4276 templi
1457 4195 1487 4255 S.
1500 4195 1554 4256 Se-

248 4284 370 4368 pulchri
382 4284 658 4366 Hierosolymitani
675 4285 776 4346 aureis
792 4285 898 4345 litteris
914 4285 1079 4345 inscribere
1098 4284 1244 4357 fecerunt,
1260 4300 1304 4345 est
1320 4284 1385 4345 hic:
1407 4279 1555 4360 «lhnno

248 4376 286 4436 ab
303 4375 514 4436 incarnatione
526 4373 654 4435 Domini
666 4375 710 4435 M.
722 4375 758 4436 C.
769 4374 805 4435 V.
817 4374 950 4455 septimo
967 4374 1105 4435 kalendis
1121 4373 1210 4452 junii,
1226 4373 1399 4455 presidente
1410 4373 1555 4435 lheroso-

248 4464 386 4526 limitane
403 4464 528 4525 ecclesie
546 4463 678 4525 domino
695 4463 875 4525 Daimberto
891 4464 1071 4544 patriarcha,
1087 4478 1234 4543 regnante
1251 4463 1416 4535 Balduino,
1434 4462 1555 4524 tradidit

249 4554 408 4616 Dominus
424 4553 575 4614 civitatem
586 4558 694 4615 Accon
707 4553 729 4629 1)
746 4572 801 4634 per
817 4572 929 4614 manus
946 4572 1106 4615 servorum
1127 4572 1259 4615 suorum
1276 4552 1480 4614 Januensium
1496 4572 1555 4614 suo

248 4643 387 4723 glorioso
404 4643 558 4725 sepulcro,
569 4643 624 4723 qui
641 4642 674 4704 in
690 4642 793 4724 primo
804 4643 938 4703 exercitu
949 4641 974 4703 F
976 4661 1142 4703 raucorum
1152 4642 1311 4703 venientes
1327 4641 1452 4702 viriliter
1468 4660 1554 4722 prae-

325 4854 343 4924 ¹)
364 4852 397 4907 16
410 4850 476 4926 Maj.
494 4852 795 4927 1104(Hagenmeyer,
809 4852 906 4921 Gesta,
919 4868 945 4924 p.
958 4866 1028 4922 444,
1047 4849 1178 4920 Cafarus,
1191 4851 1235 4905 ed.
1249 4849 1342 4921 Riant,
1355 4866 1382 4921 p.
1393 4851 1448 4921 7¹)-
