3398 5400
279 580 538 657 Miechoviensi1)
556 578 703 641 beneficia
720 595 899 640 enumerata
916 578 1126 653 contulerunt,
1144 578 1176 639 in
1193 578 1411 639 fraternitatem
1430 578 1460 639 S.
1473 575 1585 658 Sepul-

279 669 344 730 chri
362 670 637 752 Hierosolymitani
655 684 814 750 susceptos
831 689 908 746 esse,
925 668 1087 730 confirmat
1104 667 1280 747 (Nalielski,
1298 668 1483 744 Miechovia,
1501 669 1586 815 p&

281 761 386 840 -83).

354 865 373 930 ¹)
393 862 436 916 De
450 861 620 916 fundatione
633 860 716 934 hujus
730 860 867 916 ecclesiae
880 859 916 915 cf.
931 860 1038 915 Schles.
1052 861 1195 931 Regesten
1209 861 1253 915 ed.
1267 861 1299 929 Π,
1313 862 1333 931 Ι,
1346 877 1373 931 p.
1386 879 1429 930 4²·

340 973 430 1034 1199
447 974 535 1036 Febr.
549 976 577 1036 8.
596 974 746 1036 Laterani.
755 973 1008 1035 —lnnocentius
1019 974 1056 1034 ΙΙΙ
1067 973 1230 1050 (Gaulrido
1241 975 1278 1035 de
1290 973 1429 1049 Donion)
1439 973 1583 1051 magistro

278 1082 306 1126 et
326 1064 466 1126 iratribus
477 1063 647 1145 Hospitalis
663 1065 799 1142 mandat,
818 1081 851 1125 ut
867 1083 1001 1140 causam,
1014 1083 1094 1143 quae
1112 1063 1190 1124 inter
1206 1063 1289 1145 ipsos
1306 1079 1336 1124 et
1346 1063 1450 1124 fratres
1460 1059 1583 1143 Templi

278 1155 316 1215 de
333 1152 521 1234 quibusdam
539 1152 788 1234 possessionibus
810 1153 842 1213 in
859 1152 1042 1214 tenementis
1059 1152 1188 1232 Margati
1206 1167 1235 1213 et
1251 1152 1396 1215 Valeniae
1413 1150 1583 1212 constitutis

277 1244 459 1321 vertebatur,
478 1241 543 1320 jure
561 1262 638 1303 neve
648 1241 677 1302 vi
688 1258 927 1324 prosequantur,
946 1261 1077 1322 eamque
1093 1242 1334 1302 controversiam
1345 1241 1496 1302 sublatam
1508 1260 1582 1320 esse,

278 1332 450 1393 confirmat.
462 1333 628 1412 Postquam
637 1329 1584 1412 enimDisigius,priorBaroli,etOglerius),praeceptorltaliae,

278 1421 465 1502 exipsorum
477 1437 559 1502 parte
576 1436 605 1482 et
622 1441 658 1481 ex
673 1420 766 1482 altera
777 1421 885 1482 Petrus
895 1421 933 1481 de
945 1420 1116 1501 Villaplana
1128 1436 1157 1481 et
1166 1421 1322 1495 Terricus,
1334 1419 1438 1481 fratres
1448 1417 1583 1499 Templi,

278 1530 381 1571 coram
400 1511 468 1592 ipso
486 1510 727 1592 comparuerint,
744 1510 915 1587 arbitrium,
927 1511 1013 1590 quod
1031 1510 1109 1571 inter
1125 1525 1288 1590 utramque
1304 1525 1420 1590 partem
1432 1506 1584 1590 peregrini

278 1619 350 1662 cum
367 1600 506 1681 praelatis
523 1599 730 1661 ultramarinis
753 1599 954 1681 protulerant,
979 1614 1208 1680 praesentantes
1231 1614 1390 1679 praesente
1407 1614 1436 1659 et
1452 1617 1584 1658 consen-

278 1689 372 1752 tiente
383 1688 522 1769 Seguino
534 1688 629 1750 milite
640 1690 720 1750 hanc
731 1689 974 1750 conventionem
985 1688 1093 1748 factam
1110 1687 1212 1765 luisse,
1229 1704 1262 1748 ut
1278 1687 1467 1768 quibusdam
1483 1702 1585 1748 tamen

279 1778 512 1840 conditionibus
544 1778 649 1840 iratres
679 1778 805 1859 Templi
837 1778 933 1839 dictas
965 1777 1175 1858 possessiones
1201 1793 1230 1837 et
1255 1777 1372 1838 fructus
1405 1776 1585 1858 reciperent,

279 1867 477 1949 quaestiones
492 1887 567 1929 vero
584 1867 659 1929 aliae
676 1867 810 1928 oriturae
830 1868 1006 1929 secundum
1030 1866 1291 1947 compositionem
1314 1866 1485 1946 antiquitus
1508 1865 1587 1926 inter

280 1973 445 2037 utramque
468 1973 585 2037 partem
610 1956 719 2018 laetam
744 1971 773 2017 et
795 1958 832 2017 ab
856 1957 1033 2018 Alexandro
1050 1956 1087 2016 lll
1112 1955 1325 2016 confirmatam
1348 1955 1516 2017 concordia
1538 1955 1586 2016 vel

279 2045 396 2125 judicio
413 2047 652 2108 terminarentur
667 2045 801 2124 (Baluze,
817 2047 874 2127 Ep.
893 2046 997 2106 lnnoc.
1014 2047 1035 2122 l,
1052 2065 1082 2127 p.
1097 2064 1281 2126 324—325,
1299 2046 1360 2106 Νο.
1376 2047 1453 2124 567;
1471 2044 1587 2122 Paolil,

280 2157 309 2216 p.
331 2136 593 2216 318—319,N0.
614 2154 671 2215 393
699 2135 815 2214 Migne,
831 2136 887 2216 Ep.
905 2135 1010 2196 lnnoc.
1030 2135 1049 2213 Ι,
1065 2154 1095 2216 p.
1117 2154 1300 2215 521—523,
1318 2135 1378 2196 No.
1400 2136 1478 2215 5673
1504 2135 1587 2195 Pott-

280 2226 357 2303 hast,
370 2226 431 2286 No,
447 2225 528 2305 595).
544 2218 553 2306 ll
568 2224 654 2285 ldem
670 2226 782 2286 eodem
800 2243 894 2302 anno,
912 2243 1018 2285 mense
1035 2240 1063 2284 et
1080 2224 1129 2285 die
1141 2243 1248 2305 pacem
1259 2239 1288 2285 et
1298 2223 1499 2284 concordiam
1510 2223 1588 2284 inter

279 2314 450 2376 antedictos
468 2313 573 2375 fratres
589 2313 698 2374 factam
715 2328 744 2374 et
760 2315 797 2373 ab
807 2313 987 2375 Alexandro
1003 2313 1039 2374 ΙΙΙ
1057 2313 1269 2375 confirmatam
1286 2313 1483 2374 instrumenti
1499 2329 1583 2373 teno-

279 2423 344 2465 rem
370 2403 509 2465 inserens
531 2403 642 2464 iterum
659 2402 822 2464 confirmat
839 2402 937 2483 (Pitra,
954 2403 1068 2464 Annal.
1087 2403 1106 2479 l,
1132 2422 1162 2484 p.
1183 2423 1288 2483 554—
1295 2424 1367 2483 555,
1384 2403 1445 2463 No,
1464 2403 1523 2477 603
1549 2401 1586 2462 cl.

281 2512 374 2575 supra
390 2494 451 2555 No.
473 2513 656 2573 572—574,
677 2492 760 2572 584).
1518 2486 1582 2550 751

326 2610 337 2687 (
376 2655 395 2687 ,,
434 2609 559 2691 >April
573 2628 623 2689 23.
641 2608 1017 2686 Accam—Gaulridus,
1035 2609 1178 2688 magister
1195 2607 1375 2690 Hospitalis,
1392 2606 1587 2684 Slanchi0)‚¹)

281 2698 345 2780 regi
356 2701 517 2778 Navarrae,
533 2699 665 2775 nuntiat,
677 2698 893 2779 Saphadinum
909 2697 1009 2760 lilium
1027 2718 1121 2761 suum
1133 2698 1155 2776 ²)
1172 2698 1338 2760 dominum
1350 2697 1442 2760 Urbis
1458 2695 1587 2757 Sanctae

282 2789 388 2955 {iiiiii
405 2788 596 2870 (Pamplona,
614 2788 761 2849 Archives
778 2788 808 2849 d.
826 2803 965 2868 comptes
982 2789 1020 2849 de
1039 2788 1173 2849 Navarre
1185 2788 1219 2865 ll,
1237 2788 1297 2849 No,
1312 2807 1346 2867 33
1371 2785 1455 2848 dedit
1472 2787 1588 2934 Coptsep

356 2980 375 3046 ¹)
395 2980 496 3034 Codex
510 2978 600 3034 male:
614 2981 645 3034 R.
720 2983 742 3046 ²)
761 2978 848 3034 Milik
862 2978 1055 3033 al-Muazzam
1069 2979 1131 3049 (lbn
1142 2976 1300 3046 Knallikan,
1311 2976 1408 3048 Biogr.
1420 2976 1545 3031 Diction.
1556 2976 1586 3043 ll,

281 3068 308 3122 p.
321 3051 391 3120 4283
410 3050 552 3105 Abulfeda
567 3050 595 3104 in
608 3051 673 3106 Rec.
686 3051 712 3104 d.
723 3051 786 3106 hist.
798 3051 824 3104 d.
836 3049 967 3119 croisad,
980 3063 1037 3105 aut.
1048 3050 1148 3105 orient.
1162 3050 1182 3120 l,
1200 3068 1227 3121 p.
1237 3051 1288 3121 763
1308 3047 1416 3104 Relatio
1432 3049 1467 3103 de
1481 3047 1586 3102 viribus

281 3123 479 3193 Agarenorum
492 3120 521 3176 in
533 3122 672 3193 Bongars,
686 3123 771 3177 Gesta
787 3120 849 3190 Dei,
862 3139 888 3192 p.
908 3123 992 3193 1125).

371 3280 389 3311 „
436 3234 545 3315 April,
562 3234 690 3296 ind.Vll
707 3234 761 3312 (ΙΙ).
777 3234 864 3316 Tyri.
876 3236 1135 3297 —Boamundus
1145 3235 1193 3312 ΙΙΙ,
1205 3235 1348 3316 princeps
1358 3234 1585 3309 Antiochenus,

281 3343 436 3386 consensu
448 3323 552 3385 uxoris
563 3322 685 3385 Sibillae
696 3343 730 3384 ac
741 3323 910 3385 Raimundi
921 3324 975 3385 lilii
985 3325 1203 3403 lanueusibus,
1215 3344 1315 3404 quum
1326 3325 1364 3385 ad
1376 3323 1585 3385 necessitatem

280 3412 464 3475 Antiochiae
480 3432 665 3475 succursum
681 3428 710 3474 et
725 3413 875 3475 auxilium
886 3413 1034 3488 miserint,
1051 3414 1217 3496 privilegia,
1235 3414 1350 3494 quibus
1366 3412 1398 3474 in
1416 3413 1587 3474 civitatibus

280 3501 474 3578 Antiochiae,
487 3502 657 3563 Laodiceae
674 3518 703 3563 et
718 3502 831 3564 Gabuli
849 3502 1004 3580 fruuntur,
1021 3503 1123 3583 sigillo
1140 3506 1326 3565 corroborat.
1340 3538 1380 3546 -
1391 3502 1585 3584 Aymericus,

280 3591 447 3672 episcopus
470 3591 693 3673 Tripolitanus,
717 3591 883 3654 Gervasius
899 3593 937 3653 de
955 3592 1121 3671 Sermania,
1144 3593 1337 3655 senescalcus
1359 3592 1585 3667 Antiochenus,

281 3681 358 3743 Milo
375 3680 413 3741 de
429 3680 653 3759 Colovardino,
678 3682 784 3742 Petrus
804 3682 842 3742 de
867 3681 1067 3760 RavandellO,
1091 3683 1248 3744 lohannes
1271 3682 1409 3757 Pascalis,
1434 3680 1533 3742 Saxus
1549 3680 1585 3741 de

279 3770 412 3851 Tripoli.
430 3771 545 3831 Datum
562 3789 617 3851 per
633 3789 761 3831 manum
774 3769 897 3831 Radulfi
911 3770 1011 3832 clerici
1028 3774 1086 3832 sub
1103 3772 1334 3852 archiepiscopo
1345 3770 1483 3849 Alberto,
1502 3770 1586 3851 prin-

280 3859 356 3940 cipis
373 3857 553 3920 cancellario
571 3874 601 3920 et
615 3859 762 3920 Tarsensi
783 3859 1016 3942 archiepiscopo
1040 3861 1142 3937 (Liber
1159 3859 1274 3939 jurium
1292 3861 1313 3938 l,
1337 3881 1366 3941 p.
1384 3878 1585 3941 432-433,

280 3950 340 4010 No.
358 3968 440 4116 4343
473 3948 510 4010 cl.
535 3949 627 4010 Carlo
650 3949 784 4028 Pagano,
810 3969 839 4030 p.
859 3969 937 4030 2053
972 3951 1121 4012 Archives
1144 3952 1173 4012 d.
1200 3950 1283 4011 miss.
1308 3949 1447 4027 scientis,
1470 3950 1490 4010 l.
1508 3948 1586 4097 3513

280 4057 309 4120 Ρ·
330 4058 413 4118 35²·
666 4096 669 4103 ·

369 4199 387 4231 „
435 4152 507 4232 Mai.
526 4156 556 4216 6.
578 4189 614 4199 -
637 4154 875 4233 Bohemundus,
900 4174 1004 4217 comes
1026 4155 1251 4236 Tripolitanus,
1275 4155 1359 4217 filius
1374 4153 1585 4231 Bohemundi,

279 4243 427 4326 principis
436 4243 636 4322 Antiocheni,
646 4243 808 4306 Willelmo
825 4246 863 4306 de
875 4245 971 4306 Merle
982 4246 1135 4326 quosdam
1153 4246 1291 4306 redditus
1307 4244 1450 4306 concedit
1466 4260 1495 4306 et
1511 4263 1587 4305 con-

279 4333 379 4395 firmat
402 4333 592 4412 conditione,
616 4348 651 4394 ut
673 4334 792 4413 galeam
815 4350 962 4396 armatam
986 4335 1017 4395 in
1042 4351 1188 4416 promptu
1213 4335 1322 4395 habeat
1337 4350 1366 4395 et
1381 4334 1505 4395 servitio
1528 4351 1587 4395 suo

279 4422 451 4485 oboediens
476 4439 606 4484 maneat.
632 4456 676 4466 -
701 4424 808 4486 Guido
833 4424 934 4503 Biblii,
960 4425 1115 4486 Plebanus
1139 4424 1301 4504 Botoroni,
1327 4424 1527 4485 Raimundus
1549 4423 1587 4484 de

277 4513 390 4591 Biblio,
414 4512 610 4592 Bertrandus,
627 4512 718 4574 frater
734 4511 810 4593 ejus,
828 4513 1027 4592 Wlillelmus)
1051 4514 1237 4593 Porceletus,
1262 4514 1369 4575 Petrus
1392 4512 1586 4590 Saramanni,

277 4602 332 4665 W.
349 4603 387 4664 de
403 4602 608 4681 Cavomonte,
632 4602 761 4681 Saissus,
781 4603 939 4665 lohannes
956 4605 992 4665 de
1011 4606 1150 4677 Moneta,
1173 4603 1358 4682 Peregrinus
1374 4601 1587 4664 Carbonacius

278 4691 381 4769 (Paris,
398 4690 477 4752 Bibl.
496 4691 613 4753 nation.
632 4711 727 4753 nouv.
745 4691 861 4772 aequis.
879 4693 928 4754 lat.
948 4695 1043 4771 2226,
1064 4693 1125 4754 No.
1149 4692 1184 4770 r).
1518 4686 1588 4750 754

368 4864 387 4896 ‚‚
434 4816 506 4894 Maj.
520 4836 571 4897 23.
587 4816 687 4879 Tarsi.
704 4850 748 4861 -
764 4817 828 4879 Leo
846 4817 880 4895 ll,
898 4818 954 4879 Dei
972 4834 1003 4878 et
1019 4818 1154 4880 Romani
1171 4818 1291 4899 imperii
1303 4817 1398 4897 gratia
1412 4837 1465 4878 rex
1476 4822 1586 4879 Arme·

279 4907 357 4991 niae,
381 4906 565 4971 Innocentio
582 4907 619 4970 ΙΙΙ
635 4907 747 4988 scribit,
769 4927 802 4969 se
818 4923 920 4969 totum
936 4926 1069 4988 regnum
1086 4928 1181 4970 suum
1198 4923 1226 4970 et
1242 4909 1360 4971 incolas
1379 4908 1417 4969 ad
1435 4907 1586 4969 unitatem
