3398 5400
618 362 697 434 regni
710 361 972 437 Hierosolymitani.
1381 391 1443 449 297

140 600 272 676 tradidit,
290 616 528 662 enumerantur:
551 601 753 682 Lasahephie,
778 600 967 678 Laremedie,
992 601 1152 678 Homcsie,
1177 601 1310 682 Lahaya,
1329 601 1445 663 Resco-

140 709 233 771 nany,
252 691 375 768 Herrin,
393 690 557 770 Sedequie,
575 692 694 767 Canna,
710 690 851 772 Bosoley,
869 691 1045 769 Dercanon,
1057 690 1274 769 Szorcoorum,
1286 692 1444 770 Derreme,

140 780 276 862 Herdey,
294 780 460 857 Harbehel,
482 780 656 861 Foraquye,
680 781 859 858 Labosorie,
884 781 1041 862 Sahonye,
1066 779 1247 861 Soquollye,
1272 780 1444 860 Laiarodie,

140 869 337 947 Lahemedie,
355 869 576 946 Lanahemine,
593 870 768 945 Labasorie,
786 869 943 951 Saffoney,
960 870 1027 951 Tyr
1043 870 1136 946 dube,
1148 870 1289 950 Hyanoz,
1302 870 1445 951 Hyanoz,

140 959 270 1038 Foquel,
294 958 512 1036 Queforcabel,
530 959 718 1041 Teyrfebne,
742 959 859 1034 (Vitalis
875 958 1057 1035 Galafarius,
1075 959 1216 1020 Thomas
1233 959 1333 1021 Dulce
1349 975 1378 1021 et
1394 960 1446 1021 alii

140 1063 299 1125 testantur,
325 1049 413 1128 quod
440 1048 625 1110 Dominicus
651 1054 804 1109 Acotanto
830 1047 951 1125 bajulus
977 1047 1163 1128 negligentia
1186 1069 1242 1109 sua
1265 1050 1325 1110 hoc
1348 1048 1445 1110 casale

138 1138 316 1219 Teyrfebne
333 1138 443 1215 amisit,
461 1140 547 1218 quod
565 1158 650 1199 nunc
667 1159 718 1198 rex
735 1138 892 1218 possidet),
909 1138 1139 1215 Gualarduum,
1165 1138 1278 1200 Michel
1294 1138 1444 1221 Serquey,

139 1228 233 1303 Beris,
253 1226 409 1306 Migaidel,
427 1229 584 1306 Maraque,
601 1228 804 1308 Anderquifa,
824 1229 946 1306 Maron,
962 1227 1128 1307 Ailalquie,
1144 1226 1278 1309 Balaley,
1294 1228 1445 1310 Brochey,

139 1317 327 1394 Dordohaia,
344 1316 513 1398 Terfelsay,
536 1318 681 1398 Haymbo
700 1317 849 1398 Aldelley,
874 1317 1070 1394 Mahalebfet,
1094 1316 1200 1377 Sedim
1223 1316 1320 1396 (quod
1337 1316 1444 1396 casale,

139 1406 229 1468 Vitali
252 1406 407 1468 Galafario
430 1422 459 1467 et
478 1407 604 1468 Thomu
627 1407 725 1467 Dulce
749 1406 887 1486 testibus,
912 1422 1051 1487 tempore
1075 1404 1271 1468 pantaleonis
1293 1407 1445 1469 Barbonis

138 1495 287 1557 dominus
312 1495 467 1557 Henricus
484 1498 522 1557 de
539 1497 720 1576 Campagna
736 1496 882 1573 retinuit),
909 1496 995 1557 Sauit
1017 1496 1117 1574 lorge,
1145 1496 1260 1571 Zirisia,
1285 1496 1361 1573 Nea,
1386 1497 1445 1557 La-

138 1605 307 1666 cassomya.
332 1586 477 1666 Denique
494 1605 545 1646 rex
562 1586 671 1647 retinet
685 1586 907 1646 molendinum
916 1605 1011 1666 super
1021 1584 1241 1647 molendinum
1251 1586 1444 1647 Venetorum

138 1676 233 1736 situm
249 1673 505 1751 (Tafel-Thomas
516 1676 549 1750 ll,
566 1695 596 1756 p.
617 1677 800 1756 351—389,
817 1674 878 1736 No,
898 1694 977 1753 299;
999 1674 1109 1756 partim
1127 1674 1157 1735 in
1174 1675 1215 1736 H.
1233 1675 1392 1736 Bre'holles
1409 1676 1445 1754 V,

138 1784 167 1845 p.
190 1766 421 1845 1228—123a;
439 1764 477 1824 cf.
495 1764 623 1825 Wilken
641 1764 704 1843 Vll,
721 1785 751 1846 p.
772 1784 851 1844 3713
873 1763 1087 1839 Quatremere,
1106 1764 1233 1825 Makrizi
1250 1764 1320 1842 llA,
1337 1785 1367 1846 p.
1381 1785 1442 1844 213

138 1873 263 1928 —2173
290 1855 392 1932 Prutz,
410 1859 477 1914 hus
493 1854 677 1931 Phbnizien,
701 1874 731 1935 p.
752 1855 943 1932 266—296;
970 1854 1062 1934 Heyd
1080 1854 1099 1931 l,
1116 1873 1146 1934 p.
1170 1856 1239 1934 148,
1264 1856 1444 1934 155-156,

144 1945 213 2021 162,
233 1945 306 2022 338,
326 1963 399 2024 342,
420 1963 499 2023 345;
527 1943 679 2004 Rbhricht
695 1944 728 2004 in
744 1943 861 2005 ZDPV.
879 1944 917 2021 X,
935 1964 965 2025 p.
986 1944 1180 2022 282-290).
1355 1941 1444 2003 1114

181 2073 310 2149 (12431
326 2075 375 2152 c.).
396 2110 434 2118 —
452 2075 636 2151 (Fridericus
652 2076 685 2153 ll)
709 2078 845 2154 mandat,
871 2092 914 2154 ut,
939 2097 1039 2158 quum
1063 2075 1148 2158 prior
1164 2092 1192 2137 et
1210 2077 1313 2138 fratres
1331 2078 1445 2139 domus

137 2166 262 2246 Templi
286 2165 404 2227 nuntiis
420 2166 457 2226 ad
475 2167 536 2227 hoc
559 2166 729 2246 specialiter
745 2167 904 2228 destinatis
921 2187 936 2226 a
954 2167 1037 2228 curia
1054 2166 1197 2227 Romana
1217 2166 1379 2248 impetrare
1396 2168 1444 2229 in-

137 2256 273 2332 tendant,
295 2270 328 2316 ut
338 2255 509 2336 Templum
525 2255 655 2316 Domini
672 2255 704 2316 in
715 2256 883 2318 Jerusalem
900 2277 916 2316 a
933 2255 1075 2317 dominio
1093 2255 1286 2337 imperatoris
1302 2256 1444 2318 abdicent

137 2345 169 2404 in
193 2365 231 2406 eo
252 2359 386 2405 castrum
403 2361 509 2404 contra
533 2344 687 2405 honorem
708 2345 903 2427 imperatoris
920 2361 1099 2406 construere
1116 2361 1328 2426 proponentes
1345 2347 1443 2408 addu-

137 2450 254 2511 cantur,
272 2448 337 2494 uta
355 2435 516 2515 proposito
533 2434 690 2511 desistant,
708 2433 849 2514 alioquin
866 2435 1010 2496 certiores
1027 2433 1110 2511 fiant,
1122 2434 1228 2495 omnia
1240 2454 1349 2496 eorum
1361 2437 1444 2497 bona

138 2523 263 2584 mobilia
280 2538 309 2583 et
324 2522 507 2602 immobilia,
525 2543 605 2604 quae
622 2524 654 2584 in
671 2543 769 2603 regno
786 2540 816 2585 et
832 2525 963 2606 imperio
987 2524 1201 2600 inveniuntur,
1225 2525 1384 2585 ademtam
1409 2524 1445 2586 iri

137 2612 383 2690 (Winkelmann,
408 2617 481 2674 Acta
505 2613 619 2673 inedita
643 2613 665 2691 I,
689 2634 718 2695 p.
739 2615 938 2694 369—370,
962 2614 1022 2674 No.
1044 2632 1125 2693 4343
1158 2613 1443 2694 Bdhmer-Ficker,

137 2702 197 2763 No.
217 2721 319 2783 34o3;
344 2701 382 2763 cf.
401 2721 480 2782 quae
498 2721 557 2762 nos
575 2703 606 2762 in
623 2702 750 2764 Forsch.
774 2704 866 2782 1886,
889 2723 918 2784 p.
937 2704 978 2782 89
995 2702 1217 2783 exposuimus).
1355 2701 1444 2764 1115

199 2835 299 2913 1244,
317 2837 380 2898 ind.
393 2837 425 2898 ll.
444 2842 561 2898 Accon.
573 2871 616 2879 -
628 2837 782 2899 Marsilius
792 2839 959 2920 Georgius,
968 2841 1162 2901 Venetorum
1173 2836 1295 2917 bajulus
1305 2838 1338 2899 in
1348 2839 1444 2921 Syria,

137 2946 247 2989 eorum
257 2928 339 2987 bona
350 2942 521 2988 enumerat.
539 2927 648 2989 Veneti
660 2927 821 3008 possident
838 2927 869 2989 in
887 2949 962 3008 ruga
973 2928 1070 2990 firmi
1081 2928 1104 2989 ll
1116 2928 1228 2989 domos
1245 2929 1276 2989 in
1291 2929 1404 2990 solario
1415 2945 1445 2990 et

137 3017 160 3077 ll
176 3017 249 3078 alias
266 3036 392 3077 necnon
408 3016 573 3077 stationem
585 3036 681 3098 prope
692 3018 825 3078 domum
835 3018 978 3079 Pandulfi
995 3018 1027 3078 iu
1044 3017 1153 3099 capite,
1164 3017 1254 3078 aliam
1265 3018 1397 3079 vicinam
1414 3033 1444 3081 et

138 3106 276 3182 furnum,
292 3106 410 3187 palacio
422 3104 515 3183 bajuli
527 3105 641 3166 vicinas
651 3106 704 3166 Xll
715 3106 861 3168 stationes
878 3123 908 3169 et
924 3107 1061 3169 tabulam
1078 3127 1132 3168 seu
1150 3108 1280 3167 bancam
1296 3107 1329 3168 in
1346 3107 1444 3189 capite

136 3195 239 3277 palatii
256 3196 283 3256 V
300 3195 380 3255 inter
396 3195 542 3275 palatium
559 3210 589 3255 et
605 3194 766 3256 ecclesiam
783 3197 813 3258 S.
827 3198 922 3258 Marci
938 3197 1018 3274 sitas,
1031 3196 1098 3257 Vlll
1114 3196 1232 3257 tabulas
1244 3216 1298 3257 seu
1310 3197 1444 3259 banchas

138 3285 214 3346 circa
231 3285 346 3363 logiam
363 3285 444 3362 sitas,
468 3285 538 3347 XVl
555 3285 702 3346 stationes
724 3287 783 3346 sub
803 3306 919 3365 magno
936 3287 1049 3368 palatio
1066 3286 1191 3347 fundaci
1208 3305 1301 3367 super
1317 3285 1398 3348 viam
1414 3302 1444 3347 et

137 3393 291 3456 campum,
315 3393 448 3454 quarum
475 3375 584 3454 quinta
608 3390 737 3435 vocatur
758 3377 848 3436 statio
872 3375 961 3437 dela
985 3376 1127 3454 cocorda,
1151 3375 1175 3435 ll
1191 3375 1338 3436 stationes
1362 3374 1444 3452 juxta

137 3463 252 3544 logiam
269 3479 298 3525 et
314 3464 367 3524 Xll
385 3483 530 3542 cameras,
542 3483 676 3545 quarum
694 3465 726 3525 in
743 3485 804 3526 una
821 3466 935 3527 habitat
945 3466 1102 3526 lohannes
1119 3465 1268 3545 gastaldo,
1280 3465 1444 3546 platearius

137 3552 324 3629 communis,
335 3553 376 3613 Xl
387 3553 501 3615 domos
512 3553 544 3614 in
555 3553 667 3634 palatio
677 3573 792 3633 magno
804 3554 929 3615 fundari
941 3555 973 3616 in
983 3555 1096 3616 solario
1107 3555 1146 3615 de
1155 3554 1259 3615 medio
1271 3554 1443 3633 existentes,

138 3662 218 3722 quae
230 3643 435 3720 incantantur,
446 3643 471 3702 si
483 3662 629 3703 caravana
639 3643 831 3705 Venetorum
847 3645 980 3723 advenit,
992 3645 1125 3705 domurn
1142 3644 1175 3705 in
1190 3643 1341 3724 superiori
1360 3659 1444 3725 parte

136 3733 238 3814 palatii
255 3732 286 3793 in
303 3732 417 3792 solario
433 3752 541 3793 versus
558 3732 588 3793 S.
608 3732 800 3794 Demetrium
819 3734 908 3794 sitam
931 3749 961 3794 et
977 3733 1017 3794 IV
1033 3734 1116 3810 alias,
1135 3752 1268 3814 quarum
1285 3732 1384 3814 prima
1400 3750 1444 3796 est

136 3819 219 3900 juxta
242 3821 410 3899 terraciam,
434 3821 507 3882 alias
523 3821 563 3884 Vl
580 3841 714 3883 cameras
738 3823 768 3883 in
793 3823 945 3903 superiori
969 3823 1041 3884 dicti
1065 3823 1167 3905 palatii
1184 3822 1265 3900 sitas,
1282 3822 1310 3883 V
1327 3822 1443 3884 habita-

137 3912 237 3973 tiones
255 3910 400 3992 incapite
424 3910 549 3971 fundati
574 3909 657 3989 juxta
681 3911 712 3973 S.
730 3913 924 3974 Demetrium
947 3932 1071 3974 necnon
1087 3913 1160 3973 alias
1177 3912 1291 3992 plures,
1309 3931 1442 3993 quarum

136 4020 231 4062 unam
255 4001 383 4063 domina
406 4000 506 4077 Paria,
531 4000 622 4061 aliam
645 4001 789 4063 Buraiius
813 4002 963 4082 plazarius
984 4017 1078 4079 tenet,
1103 4020 1228 4062 necnon
1244 4001 1317 4062 alias
1333 4022 1369 4062 ex
1386 4002 1443 4063 alia

136 4105 220 4172 parte
236 4091 302 4151 viae
319 4111 336 4151 a
353 4090 465 4171 palatio
486 4109 601 4169 magno
625 4089 760 4166 fundaci,
785 4091 867 4168 alias,
892 4111 969 4172 quas
992 4110 1161 4152 commune
1185 4091 1276 4152 hab'et
1299 4109 1357 4172 pro
1381 4091 1443 4152 irn-

136 4180 297 4241 medietate
321 4178 581 4255 cumPandu1103
607 4179 686 4240 inter
701 4180 784 4256 alias,
802 4200 881 4261 quae
903 4196 977 4242 sunt
999 4201 1091 4262 supra
1109 4200 1221 4262 capum
1238 4181 1441 4258 Venetorum,

136 4285 301 4331 vocantur:
321 4287 383 4330 una
400 4270 514 4330 domus
530 4288 603 4330 cum
619 4269 732 4330 solario
756 4270 836 4330 dicta
852 4271 1046 4332 Mahomaria
1063 4285 1092 4331 et
1108 4270 1233 4348 domus,
1250 4289 1329 4349 quae
1346 4285 1443 4332 estex

137 4359 194 4420 alia
217 4373 302 4440 parte
324 4358 390 4419 viae
415 4379 451 4419 ex
474 4358 619 4441 opposito
641 4358 742 4438 logiae
766 4359 796 4420 S.
815 4360 909 4421 Marci
933 4375 962 4420 et
978 4359 1156 4420 communis
1176 4374 1220 4420 est
1236 4378 1293 4439 pro
1309 4358 1443 4421 indiviso

136 4468 208 4509 cum
218 4446 374 4509 Balduino
390 4449 428 4509 de
444 4449 593 4527 laTregla
604 4447 744 4509 videlicet
762 4448 794 4508 in
810 4449 940 4510 statione
961 4469 1082 4531 magna,
1100 4468 1180 4530 quae
1197 4463 1240 4509 est
1256 4447 1395 4528 inferius,
1413 4463 1443 4510 et

137 4538 169 4598 in
186 4537 436 4615 habitationibus,
458 4557 538 4618 quae
560 4552 635 4598 sunt
657 4557 751 4618 super
774 4537 852 4599 dicta
875 4539 1014 4617 statione,
1037 4558 1099 4599 una
1122 4557 1216 4619 super
1238 4536 1296 4597 alia
1318 4553 1347 4598 et
1370 4558 1441 4600 cum

136 4626 291 4689 Nicholao
307 4627 345 4688 de
363 4626 476 4688 Misina
494 4626 536 4703 (l),
553 4625 619 4687 filio
636 4627 798 4705 quondam
814 4628 969 4689 Leonardi
985 4628 1109 4706 Villani,
1132 4627 1164 4688 in
1180 4627 1311 4688 statione
1328 4627 1443 4689 minori

136 4716 233 4778 dictae
265 4717 389 4777 domus.
437 4715 592 4777 Marsilius
619 4714 756 4795 denique
778 4717 982 4797 conqueritur
1006 4718 1043 4778 de
1068 4717 1172 4778 multis
1195 4716 1333 4793 tributis,
1362 4737 1442 4797 quae

137 4821 244 4868 contra
261 4804 457 4887 privilegium
474 4826 490 4866 a
507 4805 717 4868 Guarmundo
727 4806 834 4868 datum
850 4821 880 4868 et
896 4827 912 4867 a
928 4826 999 4888 rege
1011 4807 1165 4868 Balduino
1182 4807 1205 4867 Il
1222 4805 1442 4868 confirmatum

135 4895 262 4958 Venetis
277 4894 497 4977 imponuntur,
509 4893 598 4974 cujus
615 4910 723 4957 tenore
739 4895 850 4958 iisdem
859 4915 988 4977 quoque
1006 4896 1131 4958 ecclesia
1147 4910 1177 4957 et
1191 4915 1268 4976 ruga
1279 4896 1311 4957 in
1322 4896 1440 4960 civitate
