3398 5400
266 373 328 437 278
829 367 1005 437 Regesta

264 585 389 667 Templi
406 603 435 648 et
452 586 561 648 domui
573 588 759 665 Margaretae
776 587 980 667 supradIctae,
997 607 1033 647 ert
1050 602 1135 668 parte
1145 588 1365 669 septentrionis
1376 586 1573 668 protenditur

265 675 296 736 in
312 675 445 755 longum
461 695 555 757 super
571 675 719 736 fossatum
737 676 873 736 civitatis.
906 676 1035 755 Insuper
1060 678 1233 738 notandum
1257 692 1312 753 est,
1330 678 1417 757 quod
1441 677 1473 737 111
1496 676 1571 738 turri

263 780 460 845 superportat
478 785 558 826 nova
576 765 674 846 posita
691 764 834 825 fratribus
850 765 1027 845 Hospitalis,
1039 765 1189 846 quicquid
1206 766 1311 841 velint,
1328 765 1487 827 aedificare
1504 766 1574 827 licet

265 869 384 935 praeter
401 853 576 930 fenestram,
595 854 678 915 uude
695 854 727 914 in
744 853 915 934 hospitium
933 854 1005 915 dicti
1022 855 1164 916 Nicholai
1182 856 1369 937 respiciatur.
1380 888 1424 898 -
1436 855 1571 916 Fratres:

266 943 405 1003 Andreas
422 942 522 1017 Palm,
540 962 672 1022 magnus
689 958 869 1023 praeceptor
885 944 1086 1020 Acconensis,
1104 944 1291 1021 willelmus,
1317 945 1401 1026 prior
1416 944 1573 1018 ecclesiae,

265 1033 419 1093 Robertus
436 1033 473 1093 de
492 1032 599 1094 Vineis
623 1031 849 1112 hospitalarius,
873 1032 1015 1093 Thomas
1038 1033 1157 1093 Lorrne
1175 1050 1203 1093 et
1221 1034 1393 1110 Rolattdus,
1416 1034 1490 1094 socii
1508 1053 1573 1093 ma·

264 1119 359 1199 gistri,
372 1120 561 1182 Guillelmus
577 1122 605 1182 le
616 1120 685 1196 Rat,
698 1121 828 1202 Sayxius
839 1122 1056 1195 thesaurarius,
1070 1122 1248 1199 Durandus,
1261 1143 1373 1203 parvus
1385 1138 1573 1203 praeceptor,

265 1210 425 1271 Rettaldus
443 1211 480 1271 de
497 1210 664 1286 Domibus,
687 1211 845 1272 Johannes
862 1211 899 1271 de
917 1210 1097 1287 lufirmaria,
1121 1212 1243 1272 Luchas
1260 1228 1288 1273 et
1304 1212 1354 1273 alii
1371 1211 1529 1288 (Delaville
1546 1212 1574 1271 le

265 1298 378 1373 Roulx,
396 1320 426 1381 p.
451 1320 632 1380 173—174,
650 1300 710 1360 No.
730 1319 787 1372 72;
810 1299 848 1359 cf.
867 1319 896 1380 p.
917 1300 977 1379 37).
1484 1298 1574 1360 1063

314 1404 403 1465 1235
427 1407 524 1483 Nov.,
551 1407 615 1468 ind.
641 1407 691 1468 Ill.
725 1412 895 1487 Augustae.
922 1440 965 1449 —
991 1406 1163 1468 Fridericus
1189 1408 1213 1469 ll
1240 1408 1407 1489 imperator
1432 1408 1574 1489 precibus

265 1495 447 1574 Hermanni,
459 1496 593 1576 magistri
603 1496 886 1571 Theutonicorum,
898 1497 1068 1557 emtionem
1079 1517 1173 1578 supra
1184 1496 1254 1573 (Νο.
1264 1498 1355 1577 1058)
1372 1512 1574 1559 memoratam

265 1583 366 1663 sigillo
392 1585 555 1646 confirmat
580 1584 750 1661 (Breholles
767 1585 818 1660 lV,
843 1604 871 1666 p.
889 1605 1094 1665 792—7943
1127 1586 1277 1659 Strehlke,
1303 1607 1332 1667 p.
1351 1591 1404 1666 03,
1428 1587 1488 1647 No.
1514 1605 1572 1665 79;

264 1694 292 1734 v.
304 1674 473 1753 Petteuegg
484 1675 505 1748 1,
518 1695 547 1756 p.
561 1694 612 1747 72,
624 1675 684 1735 No.
701 1676 776 1747 1803
795 1674 1066 1745 Bbhmer-Ficlter,
1078 1675 1138 1736 Νο.
1153 1675 1258 1755 2125).
1273 1670 1283 1759 ll
1298 1676 1368 1736 Hoc
1379 1674 1573 1756 privilegium

266 1763 350 1839 (Dec.
375 1764 466 1843 1243)
483 1763 651 1826 Conradus
668 1762 707 1824 IV
724 1762 887 1824 confirmat
904 1764 1185 1842 (Bbhmer-Ficlter,
1203 1766 1263 1826 No.
1281 1765 1389 1845 4482).
1484 1762 1574 1823 1064

346 1914 365 1947 ,,
412 1871 492 1932 Νον.
528 1871 795 1952 (Hierosolymis).
821 1906 864 1915 —
891 1871 1068 1953 Stephania,
1095 1870 1155 1932 lilia
1181 1872 1260 1932 Boni
1286 1872 1438 1932 Iohannis
1462 1871 1574 1944 linarii,

265 1979 391 2021 assensu
411 1960 489 2021 Petri
506 1960 607 2021 Pisani
625 1961 724 2021 mariti
741 1976 769 2021 et
786 1961 920 2042 Philippi
938 1961 990 2021 lilii
1008 1961 1161 2042 Hospitali
1178 1960 1291 2022 domos
1307 1961 1476 2042 patrissui,
1494 1980 1575 2041 quae

265 2047 298 2109 in
320 2049 418 2130 capite
435 2049 657 2130 parmentariae
681 2049 754 2110 sitae
777 2050 892 2111 habent
914 2070 1021 2111 versus
1044 2049 1196 2111 orientem
1220 2050 1333 2112 domos
1356 2050 1511 2111 Baudoini
1536 2050 1575 2111 de

267 2137 435 2214 Lisabotta,
461 2158 569 2199 versus
595 2138 755 2200 meridiem
782 2139 862 2198 viam
888 2139 1121 2220 parmentariae,
1145 2158 1251 2199 versus
1274 2139 1466 2201 occidentem
1493 2139 1574 2199 viam

265 2227 411 2305 regalem,
429 2247 535 2288 versus
551 2228 732 2307 aquilonem
749 2228 862 2288 domos
881 2228 982 2302 Bricii,
1007 2229 1039 2289 in
1063 2228 1145 2289 curia
1170 2227 1453 2310 Hierosolymitana
1470 2247 1576 2289 coram

266 2315 421 2377 Balduino
437 2317 476 2377 de
493 2316 629 2396 Piquini,
655 2334 730 2378 tunc
753 2317 928 2393 castellane,
954 2317 1087 2380 Girardo
1104 2318 1141 2377 de
1159 2316 1268 2391 Saises,
1292 2332 1366 2379 tuuc
1382 2317 1574 2390 vicecomite,

266 2405 371 2465 donat.
391 2438 433 2448 —
449 2405 627 2482 Gillbertus)
652 2406 776 2484 Auferz,
801 2407 968 2468 Federicus
991 2407 1029 2467 de
1054 2406 1219 2482 Romania,
1244 2407 1373 2468 Enricus
1390 2408 1427 2468 de
1445 2406 1574 2485 Belvais,

267 2494 437 2555 Redaudus
454 2495 492 2555 de
510 2543 516 2555 .
536 2543 542 2556 .
562 2495 678 2556 .iezian
696 2494 905 2573 provincialis,
924 2494 1041 2574 judices
1063 2494 1221 2572 (Delaville
1238 2496 1265 2556 le
1284 2496 1397 2573 Roulx,
1417 2515 1447 2577 p.
1472 2517 1575 2562 172-

272 2603 341 2663 ¹73,
359 2584 419 2644 Νο.
438 2603 496 2659 71;
515 2583 550 2644 cf.
568 2603 598 2665 p.
619 2585 680 2665 24).
1486 2583 1576 2644 1065

348 2736 366 2767 ,,
414 2691 588 2768 ,ind.VllI.
607 2693 783 2754 Caesareae.
802 2727 844 2736 —
860 2692 978 2767 Petrus,
996 2690 1248 2773 archiepiscopus
1265 2693 1481 2767 Caesariensis,
1499 2713 1576 2755 con-

267 2799 361 2841 sensu
379 2779 504 2862 capituli
520 2780 663 2842 fratribus
680 2781 710 2843 S.
723 2781 827 2841 Lazari
845 2782 883 2842 de
893 2780 1061 2842 Jerusalem
1080 2781 1212 2842 domum
1228 2797 1258 2842 et
1274 2781 1433 2842 ecclesiam
1450 2782 1480 2842 S.
1493 2783 1575 2844 Lau-

266 2869 357 2930 rentii
374 2870 412 2930 de
431 2871 605 2951 Painperdu
624 2871 656 2931 in
673 2870 825 2932 territorio
843 2869 1034 2932 Caesariensi
1051 2870 1122 2930 sitas
1138 2890 1173 2931 ea
1190 2870 1370 2932 conditione
1387 2871 1529 2932 concedit
1546 2886 1576 2932 et

266 2957 368 3037 siglllo
379 2958 551 3039 confirmat,
564 2975 607 3035 ut,
619 2960 800 3041 quicunque
812 2961 907 3020 dictae
919 2960 1028 3021 domui
1039 2974 1068 3019 et
1079 2959 1222 3020 ecclesiae
1235 2960 1405 3040 praefectus
1415 2961 1462 3038 sit,
1473 2960 1574 3021 archi-

266 3047 414 3128 episcopo
437 3046 566 3128 ejusque
590 3050 821 3110 successoribus
844 3049 1052 3110 obedientiam
1077 3048 1164 3108 faciat
1187 3067 1311 3111 necnon
1329 3049 1396 3111 VIII
1412 3069 1516 3110 cereos
1533 3049 1574 3112 lV

266 3137 438 3197 rotularum
463 3138 495 3197 in
512 3138 638 3199 ecclesia
661 3138 692 3200 S.
710 3139 789 3199 Petri
807 3138 998 3200 Caesariensi
1022 3138 1119 3199 solvat
1142 3156 1236 3199 censu
1261 3155 1364 3199 tamen
1387 3155 1532 3216 cessante,
1549 3139 1574 3200 si

265 3240 343 3285 terra
360 3226 409 3285 illa
432 3226 463 3286 in
481 3247 593 3288 manus
613 3227 838 3289 Saracenorum
856 3226 996 3288 inciderit
1012 3242 1041 3287 et
1057 3226 1202 3307 praeseus
1225 3247 1282 3308 pax
1306 3227 1384 3289 inter
1403 3227 1575 3290 Saracenos

265 3329 295 3374 et
311 3314 496 3376 christianos
513 3316 588 3377 inita
605 3336 669 3377 non
687 3333 835 3378 teneatur.
846 3350 891 3359 —
902 3316 1073 3377 Raiualdus
1085 3317 1122 3376 de
1134 3316 1279 3391 Floriato,
1291 3317 1435 3396 magister
1446 3316 1576 3379 fratrum

267 3402 298 3465 S.
317 3404 432 3481 Lazari,
457 3410 494 3466 A.
513 3421 629 3482 cantor,
647 3408 778 3467 lacobus
795 3406 1012 3482 thesaurarius,
1037 3404 1074 3465 R.
1093 3421 1121 3466 et
1138 3405 1183 3477 F.,
1202 3406 1342 3467 canonici
1359 3406 1575 3469 Caesarienses

266 3490 426 3568 (Archives
443 3495 480 3555 de
497 3493 630 3555 l'Orieut
648 3495 721 3556 latin
738 3495 762 3556 Il
771 3496 805 3571 B,
824 3514 853 3575 p.
869 3515 903 3574 ¹5
911 3516 938 3574 5,
958 3495 1018 3556 No.
1039 3495 1095 3574 383
1117 3494 1154 3555 cf.
1172 3515 1265 3576 supra
1282 3496 1342 3557 Nu.
1361 3494 1461 3575 ¹05¹l·
1485 3494 1576 3555 1066

348 3644 366 3676 ,,
414 3646 422 3676 ,
440 3599 504 3662 ind.
515 3601 591 3663 Vlll.
612 3606 729 3662 Accon.
746 3635 789 3645 —
806 3601 971 3677 Robertus,
990 3601 1020 3662 S.
1040 3600 1154 3662 Mariae
1171 3601 1208 3661 de
1226 3602 1334 3662 LatIna
1350 3602 1388 3662 de
1404 3602 1574 3664 Jerusalem

265 3691 368 3768 abbas,
394 3690 617 3768 venditionem,
641 3710 735 3770 quam
761 3690 919 3752 Johannes
945 3689 1062 3751 GrilIus
1089 3708 1243 3751 consensu
1270 3691 1375 3751 uxoris
1401 3691 1515 3752 Mariae
1542 3692 1575 3752 in

265 3777 348 3838 curia
359 3780 535 3840 Accouensi
553 3779 662 3841 domui
673 3779 945 3841 Theutonicorum
964 3799 1018 3861 per
1034 3797 1163 3839 manum
1179 3778 1304 3858 Lutolh,
1323 3781 1528 3861 praeceptoris
1545 3798 1575 3842 et

265 3866 371 3927 locum
389 3868 524 3946 magistri
541 3869 683 3946 tenentis,
701 3870 738 3930 de
756 3869 835 3950 petia
853 3870 986 3949 quadam
1004 3885 1099 3929 terrae
1121 3867 1256 3929 Acconis
1273 3868 1352 3946 fecit,
1370 3888 1466 3949 quam
1491 3870 1576 3931 idem

264 3955 422 4017 Johannes
439 3978 455 4017 a
472 3957 551 4018 dicta
568 3958 692 4019 ecclesia
709 3960 767 4019 sub
784 3957 911 4019 annuali
928 3977 1024 4019 censu
1042 3958 1069 4019 V
1085 3956 1290 4019 bisantiorum
1306 3974 1575 4020 sarracenatorum

264 4048 397 4121 tenebat,
414 4046 516 4125 sigillo
533 4046 657 4129 capituli
675 4046 846 4125 confirmat,
863 4067 943 4128 quae
960 4063 1037 4108 terra
1054 4067 1090 4107 ex
1107 4046 1224 4107 oriente
1242 4047 1388 4125 contIgua
1405 4063 1450 4108 est
1465 4048 1575 4110 viueae

264 4134 425 4196 Michaelis
441 4136 479 4196 de
496 4136 675 4214 Jerusalem,
692 4156 727 4196 ex
739 4136 899 4198 occidente
911 4136 1002 4198 horto
1013 4134 1164 4213 Pandolli,
1176 4155 1213 4196 ex
1223 4151 1328 4198 austro
1339 4137 1436 4197 hortis
1446 4137 1575 4219 Templi

263 4239 292 4284 et
309 4224 453 4285 Andreae
469 4225 507 4286 de
525 4226 672 4304 Wienna,
690 4246 726 4285 ex
742 4226 952 4307 septentrione
974 4227 1065 4287 horto
1083 4225 1227 4286 Rollandi
1245 4241 1274 4286 et
1290 4225 1466 4306 ingressum
1483 4227 1576 4289 habet

264 4331 318 4393 per
334 4312 415 4373 viam
433 4314 588 4396 publicam
605 4330 675 4376 ante
692 4316 817 4376 hortum
836 4314 1016 4396 Hospitalis.
1028 4349 1071 4357 -
1082 4314 1187 4392 Hugo,
1205 4315 1455 4396 archiepiscopus
1474 4315 1575 4376 Naza-

263 4421 369 4479 renus,
388 4403 494 4482 Hugo,
512 4406 604 4465 abbas
620 4404 746 4484 Templi
763 4403 902 4481 Domini,
924 4405 1019 4483 Hugo
1036 4405 1073 4464 de
1091 4403 1236 4465 Sabilone
1254 4405 1395 4465 sacerdos
1412 4404 1575 4483 (Strehlke,

264 4510 294 4572 p.
313 4493 455 4572 63-64,
474 4492 534 4554 No.
554 4496 611 4568 80;
637 4493 674 4554 cf.
692 4513 721 4574 p.
747 4493 826 4574 123).
1484 4492 1575 4554 1067

311 4596 402 4657 1236
425 4597 490 4658 Jan.
523 4598 644 4681 Tripoli
670 4599 703 4659 in
736 4597 848 4680 palatio
880 4598 1028 4679 principis
1053 4597 1190 4675 (gallice).
1222 4632 1265 4640 -
1290 4598 1496 4659 Bocmundus
1522 4598 1575 4677 IV,

264 4686 439 4763 (Biemout),
466 4687 611 4770 princeps
637 4687 855 4750 Antiochenus
878 4703 908 4748 et
931 4707 1036 4748 comes
1058 4687 1282 4768 Tripolitanus,
1307 4705 1411 4748 coram
1435 4688 1577 4750 Henrico

263 4775 394 4854 (Henri),
413 4776 501 4837 fratre
517 4796 586 4857 sue,
603 4777 749 4854 Thloma)
767 4778 804 4838 de
822 4777 933 4855 Han,¹)
957 4776 1159 4838 conestabulo
1175 4776 1383 4857 Tripolitano,
1401 4777 1575 4840 Guillelmo

338 4919 359 4982 ¹)
377 4915 486 4985 Leges:
500 4914 593 4985 Ham,
612 4913 648 4969 cf.
663 4912 786 4983 Eracles‚
798 4930 825 4985 p.
838 4930 901 4987 430.
