3398 5400
674 369 755 451 regni
768 368 1026 450 Hierosolymitani.
1442 378 1499 465 163

200 469 439 480 -—-—————-==-

197 587 236 647 ad
253 587 383 650 fundam
398 589 533 651 Acconis
549 605 578 651 et
594 589 633 650 lV
650 605 819 651 carrucatas
841 606 938 651 terrae
959 590 992 650 in
1015 589 1167 652 territorio
1184 590 1222 651 de
1239 589 1398 668 Caimont,
1416 591 1502 671 quod

199 675 327 738 feodum
336 678 509 740 loscelinus
517 679 679 755 Garnerio,
690 678 811 740 homini
821 699 891 755 suo,
903 679 1076 758 Parisiensi,
1085 699 1202 760 genero
1210 679 1361 740 lobannis
1371 679 1504 756 banerii,

198 764 373 829 donaverat.
407 769 491 829 Haec
513 787 587 829 vero
611 768 717 829 omnia
740 787 797 849 pro
820 769 1065 830 commutatione
1089 769 1175 829 castri
1201 767 1368 850 S.Helyae
1390 767 1503 829 olima

197 873 267 935 rege
288 856 443 919 loscelino
468 857 574 918 donati
597 876 722 919 necnon
738 856 861 918 Lubani
876 872 905 918 et
921 857 1099 934 Carrubiae,
1124 877 1204 937 quae
1220 876 1293 918 cum
1309 856 1504 938 pertinentiis

197 960 226 1005 et
242 945 396 1024 homini0,
407 947 495 1027 quod
512 946 569 1008 fuit
578 946 730 1008 lobannis
746 947 784 1007 de
802 947 964 1024 Lumbres,
980 963 1049 1027 post
1060 962 1192 1008 mortem
1203 946 1329 1024 Mariae,
1341 947 1503 1026 quondam

197 1032 322 1114 reginae
338 1035 651 1118 Hierosolymitanae,
675 1036 714 1097 ad
731 1036 834 1117 ipsum
850 1036 960 1098 reverti
976 1037 1139 1113 debebant,
1164 1051 1317 1117 praeterea
1334 1036 1503 1098 Maronum

196 1142 267 1184 cum
286 1125 478 1205 pertinentiis
495 1140 524 1186 et
541 1124 682 1187 hominia
698 1123 847 1188 Gaufredi
862 1125 962 1203 Torti,
980 1125 1009 1187 S.
1021 1125 1148 1204 Georgii
1165 1141 1193 1186 et
1209 1122 1304 1186 totius
1320 1139 1416 1186 terrae
1433 1144 1503 1206 per-

196 1210 322 1274 tinentis
345 1233 500 1276 consensu
527 1214 695 1294 Guidonis,
711 1214 875 1297 Joppensis
891 1231 921 1276 et
937 1213 1148 1277 Ascalonitani
1171 1213 1303 1292 comitis,
1328 1230 1356 1275 et
1379 1212 1503 1276 Sibillae

196 1301 321 1382 sororis,
340 1303 523 1382 comitissae,
540 1302 683 1366 concedit
699 1319 728 1366 et
743 1303 845 1384 sigillo
862 1303 972 1366 munit.
983 1301 1183 1384 —Princeps
1193 1302 1374 1381 Reinaldus,
1386 1303 1504 1365 Montis

197 1390 320 1470 Regalis
337 1408 365 1453 et
381 1393 515 1455 Ebronis
525 1393 684 1471 dominus,
695 1390 865 1471 Renaldus,
877 1392 1013 1475 Sydonis
1024 1391 1183 1471 dominus,
1195 1390 1377 1471 balduinus,
1390 1392 1503 1453 Rama-

197 1480 292 1541 tensis
309 1481 468 1562 dominus,
493 1482 648 1559 balianus,
665 1481 756 1544 frater
772 1481 849 1562 ejus,
866 1481 1041 1544 Aimericus
1057 1480 1313 1559 constabularius,
1331 1480 1504 1543 Gaufridus

196 1568 323 1648 Tortus,
342 1571 419 1633 Milo
435 1572 473 1633 de
491 1570 712 1634 Colovardino.
745 1572 859 1633 Datum
878 1591 931 1654 per
950 1592 1079 1633 manum
1098 1571 1258 1648 Willelmi,
1278 1569 1502 1653 archiepiscopi

195 1657 346 1740 Tyrensis
362 1660 504 1742 regisque
521 1659 692 1723 cancellarii
712 1660 872 1739 (Strehlke,
890 1680 919 1743 p.
943 1679 1079 1741 13-14,
1097 1662 1157 1722 Νο.
1182 1660 1239 1740 14).
1433 1657 1503 1718 614

244 1762 335 1825 1182
353 1766 449 1847 April.
469 1787 520 1844 27,
538 1767 602 1828 ind.
619 1764 686 1829 XV.
712 1767 948 1848 Hierosolymis.
965 1801 1008 1810 —
1024 1766 1199 1829 Balduinus
1215 1766 1265 1844 lV,
1283 1786 1334 1827 rex
1351 1765 1502 1828 Hieroso-

196 1852 373 1935 lymitanus,
400 1856 585 1936 Guilielmo,
611 1854 844 1939 archiepiscopo
869 1856 1013 1938 Tyrensi,
1040 1873 1069 1917 et
1094 1855 1323 1917 successoribus
1348 1856 1502 1918 decimam

196 1943 340 2006 omnium
364 1946 557 2024 exeniorum,
583 1965 663 2026 quae
686 1963 723 2007 ex
745 1961 806 2007 tota
830 1960 908 2006 terra
930 1945 1052 2007 Toroni
1075 1945 1108 2007 in
1127 1944 1288 2007 Nativitate
1306 1944 1445 2023 Domini,
1469 1944 1502 2006 in

196 2051 285 2094 carne
301 2034 401 2095 levare
418 2051 447 2096 et
463 2037 576 2118 pascha
593 2034 682 2112 liunt,
705 2033 819 2096 scilicet
835 2035 868 2096 in
883 2034 1016 2114 gallinis,
1040 2035 1117 2114 ovis,
1141 2033 1247 2112 caseis,
1271 2033 1378 2095 ectulis
1394 2033 1456 2111 (sic)
1473 2049 1503 2094 et

195 2119 297 2200 lignis,
322 2123 475 2185 decimam
492 2143 621 2206 quoque
645 2123 859 2202 bisantiorum,
877 2142 957 2204 quos
974 2125 1012 2185 de
1028 2123 1132 2186 liberis
1148 2123 1281 2186 carrucis
1296 2143 1349 2184 rex
1365 2123 1501 2204 accipere

195 2210 283 2290 solet,
300 2212 396 2274 donat
412 2228 450 2292 et,
474 2229 509 2275 ut
524 2212 629 2275 villani
645 2229 741 2275 totam
759 2213 921 2293 decimam,
942 2234 1022 2295 quae
1046 2214 1084 2274 de
1107 2228 1184 2274 terra
1199 2212 1322 2274 Toroni
1345 2213 1445 2290 datur,
1469 2212 1501 2272 in

196 2299 327 2362 domum
344 2301 567 2385 archiepiscopi
585 2302 708 2365 Turoni
725 2302 814 2367 sitam
830 2300 1003 2385 deportent,
1020 2302 1121 2382 sigillo
1138 2302 1280 2384 apposito
1295 2301 1447 2363 concedit.
1458 2335 1502 2344 —

196 2388 280 2468 Odo,
304 2390 470 2453 Beritensis
492 2391 668 2474 episcopus,
677 2392 697 2470 ¹)
721 2391 929 2470 Reimundus,
954 2411 1059 2454 comes
1074 2392 1299 2473 Tripolitanos,
1318 2391 1501 2467 loscelinus,

195 2478 275 2559 regis
291 2480 494 2559 senescalcus,
517 2481 660 2564 princeps
677 2479 857 2560 Rainaldus,
881 2481 1062 2559 Rainaldus,
1087 2480 1223 2563 Sydonis
1241 2480 1399 2557 dominus,
1417 2480 1499 2542 Lau-

194 2567 313 2630 rentius
328 2569 366 2631 de
384 2569 503 2632 Franco
519 2570 601 2650 loco,
611 2571 786 2633 Balduinus
796 2571 834 2633 de
845 2572 964 2633 Duaco.
983 2571 1098 2633 Datum
1110 2589 1165 2652 per
1176 2589 1305 2631 manum
1317 2569 1499 2645 Guillielmi,

193 2657 416 2741 archiepiscopi
432 2658 575 2741 regisque
592 2660 762 2722 cancellarii
780 2657 939 2740 (Strehlke,
956 2680 986 2743 p.
1012 2680 1146 2741 14-15,
1164 2659 1225 2721 No.
1250 2661 1306 2740 15).
1428 2656 1499 2718 615

269 2752 289 2820 ¹)
308 2751 352 2806 De
366 2766 426 2824 quo
439 2751 550 2807 ZDPV.
564 2751 599 2824 X,
614 2770 642 2824 p.
657 2769 770 2825 23—24

275 2890 294 2924 ‚,
340 2847 399 2908 lul.
423 2865 470 2926 ¹4·
495 2846 631 2909 Velletri.
648 2881 692 2890 —
707 2846 826 2909 Lucius
841 2843 878 2910 lli
895 2846 1039 2908 ecclesiae
1062 2846 1093 2908 S.
1111 2845 1255 2929 Sepulcri
1272 2845 1499 2928 Hierosolymi-

193 2934 256 2997 tani
278 2936 406 2998 tutelam
429 2936 557 3019 suscipit
579 2935 855 3019 possessionesque
870 2951 900 2998 et
915 2935 1083 3019 privilegia,
1100 2950 1223 3018 petente
1239 2936 1329 3001 Petro
1345 2935 1370 2996 ll
1386 2936 1499 3017 priore,

193 3024 404 3104 confirmatis.
415 3026 709 3108 Pfluglr-Harttung,
726 3031 802 3088 Acta
819 3025 933 3088 inedita
949 3026 983 3105 ll,
999 3045 1029 3108 p.
1043 3045 1228 3106 293-295,
1239 3025 1299 3086 Νο.
1312 3044 1391 3104 3223
1409 3024 1498 3087 Jaffe'-

144 3154 145 3158 =
194 3113 388 3196 waenfeld,
405 3117 465 3178 No.
490 3115 620 3196 14681).
637 3111 647 3200 ΙΙ
668 3115 785 3178 Lucius
802 3115 839 3176 lll
855 3115 965 3198 repetit
980 3114 1177 3198 privilegium
1193 3113 1361 3176 Alexandri
1378 3135 1396 3194 9
1414 3114 1497 3197 Sept.

200 3223 281 3270 1170
295 3205 404 3266 datum
420 3204 523 3288 (supra
539 3206 600 3267 No.
617 3206 704 3286 474).
1427 3201 1499 3263 616

275 3346 294 3379 „
341 3307 423 3384 Aug.
437 3324 489 3384 25,
505 3303 569 3366 ind.
582 3304 648 3366 XV.
665 3310 783 3366 Accon.
800 3337 844 3348 —
859 3303 1033 3383 Balduinus
1050 3301 1101 3379 lV,
1117 3321 1171 3363 rex
1187 3301 1500 3384 Hierosolymitanus,

193 3389 313 3453 Pisanis
326 3392 346 3468 ¹)
363 3393 494 3474 plateam
510 3395 548 3456 ad
565 3410 692 3477 portum
708 3393 853 3471 Acconis,
877 3391 966 3471 cujus
982 3406 1074 3472 caput
1089 3410 1191 3453 unum
1207 3406 1253 3452 est
1268 3412 1286 3452 a
1301 3391 1349 3452 via
1366 3392 1499 3472 publica,

193 3480 325 3542 alterum
340 3503 357 3543 a
373 3499 477 3565 portu,
493 3482 573 3545 latus
589 3503 692 3546 unum
708 3484 833 3545 adonio
844 3481 968 3544 Martini
979 3480 1106 3562 Piperis,
1117 3480 1202 3543 aliud
1213 3502 1229 3542 a
1240 3481 1337 3543 domo
1347 3480 1498 3542 Willelmi

192 3569 367 3653 Joppensis,
387 3571 490 3652 sigillo
506 3574 610 3634 donat.
628 3604 670 3617 -
688 3572 884 3650 Remundus,
908 3591 1013 3632 comes
1036 3570 1260 3651 Tripolitanos,
1284 3570 1401 3649 Guid0,
1425 3571 1499 3652 lop-

193 3659 298 3740 pensis
314 3677 343 3722 et
359 3661 596 3724 Ascalonitanus
611 3681 727 3740 comes,
739 3661 1036 3740 comesJoscelinus,
1047 3660 1190 3742 princeps
1201 3660 1382 3738 Rainaldus,
1392 3659 1499 3721 Aime-

193 3749 275 3813 ricus
298 3751 552 3830 constabularius,
575 3753 671 3832 Hugo
693 3751 934 3829 Tiberiadensis,
959 3750 1123 3812 Plebanus.
1154 3751 1269 3821 Datum
1292 3769 1347 3830 per
1369 3768 1499 3811 manum

194 3839 355 3919 Willelmi,
371 3840 459 3921 Tyrii
475 3840 699 3923 archiepiscopi
715 3842 858 3921 regisque
875 3839 1045 3901 cancellarii
1063 3840 1112 3917 (G.
1130 3839 1253 3918 Mulier,
1271 3859 1301 3919 p.
1315 3859 1366 3919 23,
1383 3840 1444 3900 Νο.
1461 3856 1498 3917 19

195 3926 242 4009 [cf.
259 3948 289 4011 p.
307 3927 511 4010 401-402];
537 3931 595 3992 Dal
611 3931 725 4010 Borgo,
743 3950 773 4011 p.
792 3932 850 4009 96;
877 3929 1039 4008 Muratori,
1057 3928 1163 4009 Antiq.
1182 3926 1239 4008 [ed.
1259 3926 1322 4007 fol.)
1340 3928 1375 4007 ll,
1392 3947 1423 4009 p.
1435 3949 1498 4008 9ο9

197 4039 319 4098 .-9ιο,
344 4016 402 4098 [ed.
419 4017 468 4099 4⁰]
486 4018 537 4097 Vl,
561 4039 591 4102 p.
611 4020 814 4098 269—2723
847 4018 885 4080 cf.
908 4018 1037 4097 Tronci,
1062 4018 1175 4079 Annal.
1200 4017 1301 4079 Pisani
1323 4017 1344 4098 l,
1369 4038 1399 4099 p.
1419 4019 1499 4099 364;

193 4108 343 4169 Archives
358 4108 389 4169 d.
407 4109 490 4172 miss.
508 4108 637 4170 scientif.
654 4109 674 4170 l.
693 4128 718 4169 c.
736 4109 771 4187 ll,
789 4129 819 4190 p.
839 4108 923 4188 363).
1429 4104 1498 4165 617

269 4204 288 4269 ¹)
308 4200 365 4269 Qui
378 4217 445 4256 curn
457 4201 658 4272 lanuensibus,
671 4200 836 4256 Venetianis
851 4213 879 4256 et
892 4199 1065 4256 Lombardis
1087 4200 1234 4256 «Octobre
1254 4197 1311 4272 jam
1332 4215 1424 4271 paene
1438 4216 1497 4254 me-⁴

193 4271 305 4327 diame»
320 4288 345 4326 a.
364 4272 428 4345 1183
443 4272 585 4328 Balduino
598 4273 637 4327 IV
650 4283 853 4328 succurrerunt
864 4272 962 4343 (Guill.
976 4273 1012 4328 de
1026 4273 1108 4345 Tyro
1122 4271 1208 4341 XXlI,
1221 4288 1244 4327 c.
1260 4273 1315 4343 27).

273 4413 293 4445 „
340 4369 421 4431 Nov.
438 4390 486 4450 14,
504 4369 568 4431 ind.
580 4370 647 4432 XV.
666 4375 782 4433 Accon.
800 4403 844 4415 -
859 4369 1033 4431 Balduinus
1049 4369 1100 4447 lV,
1118 4388 1169 4430 rex
1186 4366 1499 4449 Hierosolymitanus,

193 4477 246 4539 per
263 4477 394 4521 manum
417 4458 545 4539 Rogerii
567 4460 702 4541 magistri
726 4460 879 4542 Hospitali
902 4459 1003 4539 sigillo
1027 4457 1188 4520 confirmat
1210 4473 1307 4518 totam
1330 4455 1499 4519 Galilaeam

193 4566 265 4609 cum
290 4548 439 4611 omnibus
456 4549 648 4631 pertinentiis
669 4572 685 4611 a
702 4549 863 4613 Gualterio
880 4549 918 4609 de
935 4549 1084 4611 Caesarea
1101 4548 1128 4610 V
1144 4547 1278 4609 millium
1294 4546 1498 4609 bisantiorum

193 4636 291 4718 pretio
315 4653 440 4714 emtam,
464 4637 553 4718 cujus
575 4641 699 4701 termini
721 4656 794 4701 sunt
817 4636 1002 4702 divisiones:
1026 4639 1064 4698 ab
1088 4637 1207 4699 oriente
1222 4635 1346 4699 Castelli
1369 4656 1501 4715 areae,a

192 4725 321 4788 meridie
343 4726 450 4790 casalis
474 4728 596 4790 domini
620 4728 765 4790 Amalrici
789 4748 860 4791 cum
884 4727 1003 4790 Aronia
1026 4743 1056 4789 et
1078 4725 1270 4809 pertinentiis
1293 4725 1437 4804 Cosciae,
1462 4728 1500 4786 ab

193 4815 353 4879 occidente
369 4832 400 4879 et
414 4817 491 4879 mari
508 4817 654 4898 Daidoni,
663 4819 683 4896 ¹)
700 4839 717 4879 a
733 4817 942 4901 septentrione
959 4817 1105 4879 casalium
1123 4815 1153 4878 S.
1164 4820 1274 4877 Annae
1291 4831 1320 4877 et
1329 4815 1455 4898 Templi
1471 4831 1501 4877 et

269 4938 287 5009 ¹)
301 4938 391 5007 Quod
399 4937 526 5007 Conder,
535 4937 635 5006 Quart.
644 4938 714 4993 Stat.
729 4937 803 5010 1890,
813 4956 840 5010 p.
851 4956 881 5010 35
895 4954 957 4994 esse
968 4948 1049 5009 putat
1059 4936 1107 4992 tell
1117 4934 1307 4992 ed-ddhehdn
1316 4935 1500 5006 (sheetVlll).

1289 5040 1335 5096 rt·
