3398 5400
593 328 672 404 regni
685 328 948 405 Hierosolymitani.
1361 356 1369 398 r
1380 355 1418 418 57

115 422 274 432 n———.—-

114 549 303 612 Giselbettus
320 552 358 613 de
375 551 525 631 Floriaco,
549 551 721 612 vicecomes
738 550 939 628 Acconensis,
961 550 1160 612 Raimundus
1176 551 1214 613 de
1232 551 1417 615 Montolivo.

113 639 228 701 Datum
252 660 308 722 per
332 661 460 702 manum
480 640 640 717 Willelmi,
664 641 886 722 archiepiscopi
909 641 1058 722 Tyrensis
1081 640 1224 721 regisque
1248 642 1418 703 cancellarii

113 727 273 810 (Strehllte,
290 749 320 811 p.
344 751 391 807 12,
410 731 471 791 Νο.
489 730 546 806 tal.
1349 728 1420 790 588

162 825 252 888 1179
269 829 342 890 Dec.
358 864 402 873 —
416 829 597 891 Guilermus
608 829 720 907 Rufus,
731 828 806 890 olim
818 828 990 890 vicecomes
1000 827 1251 908 Ascalonitanus,
1263 849 1418 891 consensu

113 916 247 996 Sibillae,
259 919 431 980 comitissae
441 919 558 1000 loppae
569 918 780 996 etAscalonis,
791 917 870 978 filiae
881 917 1026 979 Amalrici
1044 917 1055 978 l
1071 918 1161 998 regis,
1179 938 1302 981 necnon
1316 919 1420 981 uxoris

113 1027 187 1068 suae
211 1023 240 1068 et
260 1007 399 1070 filiorum
424 1008 565 1070 fratribus
589 1007 758 1089 Hospitalis
785 1027 901 1068 messes
925 1007 949 1068 ll
972 1008 1119 1069 casalium
1143 1008 1181 1069 de
1205 1010 1368 1089 Coquebel
1390 1026 1420 1070 et

114 1097 274 1159 Mordefro
291 1098 323 1176 (ἓ)
340 1118 394 1179 per
410 1099 437 1159 V
454 1119 553 1159 annos
569 1114 599 1159 et
615 1099 642 1159 V
659 1117 781 1158 menses
805 1097 997 1177 recipiendas
1021 1098 1053 1158 M
1077 1098 1214 1159 bisantiis
1237 1098 1352 1159 vendit.
1376 1133 1419 1142 —

114 1187 238 1266 Magna,
255 1187 410 1249 comitissa
427 1187 556 1267 sagitae,
581 1186 763 1248 Bainaudus
780 1186 910 1266 Sagitae,
933 1187 1101 1265 locelinus,
1126 1186 1309 1249 castellanus
1326 1194 1419 1249 Asca-

114 1273 206 1354 lonis,
218 1292 247 1338 et
256 1275 382 1353 Baldus,
401 1277 491 1338 frater
507 1276 584 1355 ejus,
600 1277 750 1338 Girardus
767 1277 805 1337 de
822 1276 1016 1352 Ruinehac0,
1024 1276 1044 1353 ¹)
1061 1276 1259 1356 Curginus,²)
1277 1277 1419 1357 Rogerus

112 1364 151 1425 de
168 1366 330 1445 Verduno,
356 1367 555 1428 Bertramdus
577 1366 741 1448 Joppensis
759 1382 788 1427 et
803 1365 972 1427 Guibertus
989 1366 1089 1441 frater,
1116 1367 1270 1428 Robertus
1292 1367 1329 1428 de
1347 1367 1418 1428 Pin-

113 1454 220 1534 queni,
253 1456 445 1534 Guilermus,
477 1456 648 1517 vicecomes
675 1456 846 1534 Ascalonis,
877 1454 1065 1517 Guillelmus
1090 1456 1194 1517 Berast
1218 1457 1419 1535 lerlusalem),

112 1542 228 1606 Baldus
245 1545 344 1622 Pelea,
369 1545 524 1607 Henricus
540 1547 579 1607 de
596 1544 750 1624 Balgenci,
769 1543 921 1606 Valterius
938 1545 1081 1624 Gibeleit,
1100 1547 1213 1607 Dames
1230 1546 1419 1625 Cambiator,

111 1633 270 1695 Johannes
301 1635 338 1695 de
371 1635 527 1715 Balgenci,
560 1636 714 1696 Robertus
746 1633 931 1711 Suessionis,
963 1634 1113 1696 Girardus
1145 1635 1274 1712 Lamus,
1303 1635 1418 1711 Vitalis,

112 1723 270 1784 Johannes
287 1717 508 1803 Bargennusfl)
524 1724 682 1785 Johannes
699 1725 736 1785 de
752 1723 876 1801 Boneit,
894 1724 1092 1801 Remundus,
1111 1725 1226 1802 Petrus,
1238 1725 1328 1786 frater
1344 1723 1419 1803 ejus,

112 1812 369 1874 Bartholomaeus
391 1814 594 1889 Tributanus,
620 1814 806 1874 Remundus
824 1813 923 1890 frater,
948 1812 1098 1874 Secardus
1120 1813 1260 1892 Tunsus,
1284 1815 1419 1875 Erardus

112 1901 260 1963 Clemens
277 1902 434 1979 (Delaville
450 1904 478 1965 le
497 1903 609 1981 Roulx,
627 1922 657 1983 p.
673 1923 853 1983 144—145,
871 1902 930 1965 No.
945 1923 981 1982 53
1002 1900 1049 1982 [cf.
1062 1924 1091 1984 p.
1106 1900 1174 1982 21];
1195 1904 1296 1981 Prutz,
1315 1924 1343 1984 p.
1361 1907 1417 1965 118

112 2012 172 2052 —1
186 2012 232 2070 19,
249 1992 309 2053 Νο.
331 1993 389 2072 50).
1349 1991 1419 2052 589

189 2086 209 2152 ¹)
228 2083 304 2138 Alias
318 2084 443 2154 Remille,
457 2083 603 2155 Rumeilei,
617 2083 782 2139 Rumminhi
795 2096 923 2139 vocatus.
1007 2088 1029 2152 ²)
1049 2084 1214 2155 Turginus?
1300 2089 1323 2152 ³)
1343 2085 1418 2142 Alias

112 2155 296 2226 Burgunnus,
310 2156 498 2227 Burgunhun.

194 2285 213 2315 ‚‚
261 2241 498 2322 (Hierosolymis
506 2242 528 2318 ἓ)
545 2275 588 2284 —
604 2240 775 2302 Nicholaus
792 2242 922 2302 Manzur
938 2260 1094 2302 consensu
1111 2241 1296 2322 Stephaniae
1314 2243 1418 2303 uxoris

112 2328 181 2390 illos
199 2331 227 2390 ll
243 2330 400 2406 bisantios,
418 2351 499 2411 quos
518 2332 555 2391 ab
573 2330 726 2412 Hospitali
743 2330 780 2391 de
798 2331 894 2391 domo
912 2331 1025 2390 Helani
1041 2331 1237 2411 parmentarii
1257 2333 1417 2392 annuatim

112 2419 288 2499 accipiebat,
306 2439 363 2501 pro
380 2420 514 2500 quadam
531 2437 609 2481 terra
625 2439 698 2481 cum
714 2421 803 2481 vinea
819 2440 908 2481 secus
925 2419 971 2480 via
988 2420 1147 2481 Bethleem
1158 2421 1291 2482 ducente
1302 2421 1418 2502 Hospi-

110 2506 162 2568 tali
187 2528 241 2589 per
263 2528 392 2570 manum
417 2509 543 2588 Rogerii
567 2511 605 2570 de
630 2510 756 2571 Molinis
780 2509 915 2589 magistri
932 2510 1016 2570 CCC
1039 2509 1175 2570 bisantiis
1199 2511 1313 2587 vendit,
1338 2531 1417 2590 quae

110 2612 189 2659 terra
205 2601 242 2659 ab
259 2598 377 2659 oriente
389 2600 480 2660 habet
490 2599 571 2659 viam
581 2599 737 2680 publicam
749 2597 930 2659 Bethlehem
941 2599 1118 2676 ducentem,
1134 2620 1151 2659 a
1168 2600 1296 2660 meridie
1307 2616 1417 2660 terram

111 2686 298 2748 Graecarum
314 2687 500 2750 monialium
517 2703 547 2748 et
565 2693 774 2750 Armenorum
793 2688 823 2749 S.
838 2688 951 2765 Jacobi,
969 2689 1006 2748 ab
1022 2687 1180 2749 occidente
1192 2689 1273 2749 viam
1283 2704 1417 2750 veterem

110 2776 149 2836 ad
165 2775 268 2838 lacum
285 2777 471 2858 patriarchae
489 2778 666 2852 ducentem,
690 2799 707 2838 a
723 2777 932 2858 septentrione
949 2777 1144 2839 cimeterium
1160 2778 1191 2839 S.
1209 2779 1371 2859 Sepulchri
1389 2793 1418 2839 et

110 2880 174 2926 tota
197 2867 393 2947 protenditur
418 2867 578 2948 usquead
602 2867 759 2947 quandam
784 2866 948 2927 cisternam
964 2866 1035 2927 dicti
1053 2866 1204 2928 Nicholai.
1240 2868 1328 2929 Hanc
1345 2887 1418 2929 vero

110 2956 322 3017 venditionem
332 2956 652 3018 BalduinuslVrexin
661 2955 941 3037 praesentiacuriae
956 2976 1030 3016 suae
1039 2956 1201 3017 confirmat
1210 2972 1239 3018 et
1248 2958 1417 3035 Rolhardol

109 3044 276 3106 castellano
300 3047 435 3126 mandat,
461 3061 494 3106 ut
516 3046 646 3107 eandem
671 3060 767 3106 ratam
791 3045 888 3123 saciat,
914 3046 1069 3107 Robertus
1093 3062 1196 3107 autem
1214 3047 1252 3107 de
1269 3047 1418 3108 Pincheni

110 3133 177 3214 (pro
195 3133 270 3213 jure)
295 3136 380 3215 regio
405 3135 494 3213 (loco)
518 3135 590 3196 dicti
614 3135 768 3196 castellani
793 3134 817 3196 ll
834 3135 982 3196 bisantios
998 3151 1027 3195 et
1051 3134 1075 3195 ll
1091 3135 1209 3197 solidos
1231 3136 1350 3218 accipit.
1375 3170 1418 3180 -

109 3223 237 3284 Factum
256 3225 423 3301 (Amalrico
441 3225 629 3305 patrilarcha.
655 3225 810 3286 Robertus
827 3225 864 3286 de
883 3224 1022 3302 Pinkeni,
1041 3224 1206 3286 Rohardus
1223 3225 1417 3302 castellanus,

110 3312 288 3375 Willeltnus
314 3315 473 3391 Beraldi,¹)
499 3315 676 3376 Willelmus
701 3315 825 3391 Patrun,
851 3315 1035 3375 Lambertus
1058 3315 1229 3392 Cambitor,
1256 3315 1418 3378 Goffridus

110 3402 335 3483 d'lssoudun,²)
359 3405 518 3465 Johannes
542 3404 661 3484 Briccii,
689 3404 795 3465 Petrus
819 3405 857 3465 de
880 3404 911 3464 S.
929 3403 1045 3465 Lazaro
1069 3404 1227 3479 (Delaville
1251 3404 1279 3466 le
1304 3406 1417 3484 Roulx,

109 3510 139 3571 p.
164 3512 343 3573 139-140,
361 3495 421 3555 Νο.
439 3514 481 3573 49
501 3492 549 3573 [cf.
568 3513 596 3573 p.
618 3491 685 3572 20];
710 3494 812 3571 Prutz,
830 3512 859 3574 p.
884 3514 915 3554 rr
926 3513 953 3572 5,
971 3495 1031 3554 No.
1049 3498 1113 3573 44).
1347 3492 1418 3553 590

186 3594 204 3663 ¹)
224 3593 300 3649 Alias
315 3593 438 3649 Ebraldi.
514 3596 534 3664 Ξ)
556 3594 632 3650 Alias
645 3593 801 3651 Dissodun.

158 3686 248 3749 1180
264 3691 329 3751 Jan.
344 3711 394 3768 21,
412 3690 476 3751 ind.
488 3690 564 3751 Xlll.
584 3695 702 3751 Accon,
718 3725 762 3734 —-
779 3691 951 3751 Balduinus
968 3690 1018 3768 lV,
1036 3711 1088 3752 rex
1106 3690 1417 3772 HierosolymitanuS‚

110 3779 218 3840 domui
230 3780 398 3861 Hospitalis
410 3799 464 3860 per
482 3800 611 3842 manum
623 3781 749 3860 Rogerii
761 3780 798 3840 de
811 3779 938 3841 Molinis
949 3781 1084 3859 magistri
1097 3796 1207 3841 terram
1220 3780 1298 3841 inter
1308 3781 1419 3842 Beroet

109 3884 138 3929 et
154 3869 298 3931 tolonum
316 3869 455 3930 Rohardi
472 3870 509 3930 de
527 3870 656 3931 Chabor
671 3870 769 3947 sitam,
793 3889 887 3950 quam
911 3869 1009 3930 dictus
1033 3870 1200 3931 Rohardus
1223 3869 1337 3947 injuste
1360 3870 1418 3931 sibi

108 3957 263 4020 vindicare
276 3958 408 4036 volebat,
419 3958 521 4038 sigillo
532 3958 703 4021 confirmat.
722 3959 781 4020 l·lic
791 3979 874 4035 vero,
887 3978 987 4039 quum
998 3959 1077 4040 regis
1088 3957 1173 4037 jussu
1184 3959 1357 4020 loscelinus
1369 3959 1416 4038 lll,

108 4048 282 4109 avunculus
299 4063 328 4109 et
344 4049 535 4109 senescalcus
553 4050 666 4128 regius,
684 4065 712 4109 et
729 4049 767 4109 de
785 4048 926 4110 fratribus
943 4049 1114 4110 Ancelmus
1132 4048 1169 4109 de
1187 4049 1280 4126 Luca,
1299 4049 1416 4110 Radul-

109 4137 158 4198 fus
174 4138 212 4198 de
229 4138 348 4217 Nigella
365 4154 394 4199 et
410 4138 460 4199 alii
477 4153 572 4199 metas
588 4154 684 4199 terrac
708 4138 948 4217 constituissent,
974 4139 1079 4199 omnia
1102 4136 1168 4216 jura
1191 4139 1356 4199 renuntiat.
1374 4173 1418 4182 —

107 4227 280 4305 locelinus,
312 4226 394 4288 filius
425 4229 546 4289 comitis
572 4228 720 4289 Edessani
752 4228 893 4308 regisque
924 4229 1133 4306 senescalcus,
1165 4227 1352 4289 Gillebertus
1378 4228 1416 4290 de

108 4316 259 4396 Floriaco,
284 4316 456 4378 vicecomes
475 4318 674 4397 Acconensis,
700 4318 858 4378 Hubertus
882 4318 919 4378 de
937 4322 1054 4395 Accon,
1081 4316 1250 4379 Ancelmus
1267 4319 1304 4379 de
1323 4318 1416 4398 Luca,

109 4406 262 4468 Radullus
280 4406 317 4467 de
334 4405 465 4486 Nigella,
477 4407 550 4469 Odo
567 4408 605 4468 de
622 4409 709 4469 Luco
727 4407 875 4483 Plantam,
893 4407 1044 4468 Joulanus
1062 4407 1099 4467 de
1117 4407 1204 4468 Saus.
1231 4409 1345 4469 Datum
1362 4427 1417 4489 per

108 4514 238 4557 manum
256 4495 418 4573 Willelmi,
442 4497 663 4578 archiepiscopi
679 4497 841 4577 Tyriensis
857 4496 1000 4576 regisque
1018 4496 1188 4557 cancellarii
1213 4497 1371 4573 (Delaville
1388 4496 1416 4559 le

109 4583 223 4663 Roulx,
240 4604 270 4666 p.
295 4605 477 4666 145—147,
494 4588 555 4647 No.
577 4608 616 4668 54
634 4584 681 4666 [cl.
700 4606 729 4667 p.
750 4583 818 4665 21];
837 4586 937 4663 Prutz,
955 4605 985 4666 p.
1009 4607 1076 4665 119,
1094 4587 1155 4648 No.
1176 4586 1236 4666 51).
1346 4584 1411 4646 591

190 4740 209 4770 ‚,
256 4694 345 4755 Mart.
356 4694 589 4756 -Bubeccher
600 4696 791 4756 Maccumata
806 4693 826 4771 ¹)
842 4693 1075 4775 archiepiscopo
1092 4710 1121 4755 et
1137 4694 1318 4755 consulibus
1334 4694 1417 4756 Pisa-

109 4781 1417 4866 nommconfirmatseeorumlegatumBulgarinum(Anlossilrecepisseetomnibus

184 4906 205 4972 ¹)
224 4902 287 4958 Seil'
297 4903 403 4958 ad-din
417 4903 482 4958 Abss
497 4904 574 4959 Belcr
586 4903 672 4959 Mariti
687 4903 804 4974 al-Adil,
818 4903 956 4959 soldanus
970 4903 1103 4976 Aegypti.
