3398 5400
318 379 379 438 216
880 373 1055 442 Regesta

315 593 353 653 de
371 592 510 669 Busarra,
523 593 680 653 lohannes
697 593 734 652 de
752 592 963 673 Ranquirolis,
981 593 1052 673 Ugo
1069 593 1107 652 de
1124 592 1285 669 Corbolio,
1303 591 1416 674 Helyas
1434 592 1619 654 Monachus.

317 683 429 743 Datum
448 701 502 763 per
518 701 647 743 manum
667 681 803 761 magistri
819 682 969 743 Johaunis
986 683 1023 743 de
1040 682 1200 744 Borbonio
1217 681 1319 758 (Liber
1335 680 1449 759 jurium
1467 683 1488 759 I,
1506 702 1537 763 p.
1559 702 1618 762 522

315 806 358 814 —
370 791 442 851 523,
465 771 526 832 No.
543 791 625 851 47⁷3
657 771 694 833 cf.
712 771 860 833 Archives
881 772 911 833 d.
929 772 1012 833 miss.
1030 771 1170 851 scientif,
1187 771 1206 832 l.
1224 791 1250 833 c.
1268 772 1303 851 ll,
1327 791 1357 853 p.
1377 791 1456 852 3523
1488 772 1581 854 Heyd
1598 771 1619 849 1,

316 881 345 942 Ρ·
365 862 558 941 322-323).
1550 857 1618 921 80⁷

364 974 453 1036 1205
470 976 561 1055 (Aug.
580 977 728 1054 20—27l.
754 977 873 1038 Romae
890 978 973 1059 apud
991 976 1022 1039 S.
1034 978 1169 1039 Petmm.
1189 1012 1228 1021 —
1247 976 1447 1038 Innocentius
1464 977 1501 1038 llI
1519 976 1619 1059 (prae-

316 1065 435 1128 sulibus
446 1065 572 1144 Galliae)
583 1066 717 1140 mandat,
729 1082 878 1128 moneant
895 1066 1086 1148 Philippum,
1104 1086 1207 1146 regem
1219 1066 1423 1145 Francorum,
1442 1082 1475 1128 ut
1491 1068 1529 1128 ad
1546 1069 1619 1128 sub-

316 1156 430 1217 sidium
454 1156 568 1216 Terrae
592 1155 719 1216 Sanctae
743 1157 913 1238 prudenter
930 1172 959 1217 et
975 1171 1116 1237 potenter
1131 1157 1277 1233 intendat,
1295 1176 1385 1236 quae,
1401 1156 1570 1237 patriarcha
1586 1177 1620 1217 ac

317 1266 388 1323 rege
406 1245 546 1319 mortuis,
571 1244 687 1305 viribus
703 1265 801 1326 paene
824 1245 966 1306 destituta
982 1246 1029 1318 sit,
1046 1245 1224 1327 praesertim
1241 1265 1341 1327 quum
1358 1245 1448 1306 multi
1466 1245 1619 1327 peregrini

316 1350 344 1395 et
369 1334 533 1413 indigenae
557 1334 863 1416 Constantinopolim
896 1335 1023 1416 profecti
1049 1335 1117 1396 sint.
1152 1336 1223 1396 Huc
1248 1335 1402 1411 accedere,
1428 1336 1516 1415 quod
1542 1335 1620 1396 inter

316 1423 461 1484 comitem
471 1423 704 1505 Tripolitanum
720 1439 749 1483 et
766 1443 870 1502 regem
882 1425 1048 1484 Armeniae
1064 1424 1162 1486 variae
1179 1423 1395 1485 contentiones
1412 1440 1533 1485 exortae
1551 1423 1620 1502 sint,

316 1512 467 1593 templarii
484 1527 512 1573 et
532 1512 719 1574 Antiocheni
737 1513 842 1594 priori,
863 1513 1050 1594 hospitalarii
1068 1530 1097 1574 et
1113 1514 1282 1595 patriarcha
1302 1513 1519 1575 Antiochenus
1535 1513 1620 1574 alteri

317 1602 445 1681 faveant,
462 1621 497 1662 ac
513 1601 595 1662 lilius
605 1600 751 1679 Saladini,
763 1602 913 1664 soldanus
924 1602 1082 1684 Aleppiae,
1094 1620 1194 1684 partes
1205 1602 1314 1684 prioris
1324 1618 1480 1682 sequatur.
1499 1602 1619 1684 Sepha·

316 1692 426 1753 dinum
437 1709 521 1769 veru,
532 1690 700 1752 soldanum
711 1692 844 1773 Aegypti
860 1708 890 1753 et
906 1692 1058 1768 Damasci,
1075 1692 1178 1753 audita
1195 1691 1337 1773 captione
1353 1692 1618 1773 Constantinopo

316 1781 419 1859 litana,
430 1781 530 1841 statim
540 1797 680 1861 treugam
691 1781 780 1842 iniise
791 1800 862 1842 cum
875 1781 1023 1843 omnibus
1033 1782 1097 1842 suis
1110 1781 1261 1860 hostibus,
1273 1798 1426 1842 uteorum
1438 1781 1620 1843 exercitibus

315 1868 438 1947 adjutus
461 1869 643 1930 christianos
666 1869 839 1932 debellaret.
872 1871 983 1946 Quum
1007 1890 1080 1932 vero
1104 1872 1221 1949 Petrus,
1245 1870 1275 1932 S.
1295 1869 1431 1931 Marcelli
1448 1869 1618 1946 cardinalis,

317 1959 348 2020 S.
360 1962 397 2020 A.
415 1957 543 2039 legatus,
559 1977 671 2020 omnes
685 1959 866 2021 christianos
878 1961 909 2021 in
920 1979 1018 2039 regno
1029 1960 1377 2040 Constantinopolitano
1388 1979 1489 2021 unum
1501 1979 1619 2021 annum

317 2063 473 2109 morantes
489 2069 506 2109 a
521 2063 596 2109 voto
613 2048 712 2109 crucis
728 2048 902 2127 absolverit,
918 2049 1094 2111 timendum
1112 2069 1187 2127 esse,
1206 2069 1245 2110 ne
1262 2048 1404 2110 Saraceni
1414 2050 1452 2110 ad
1464 2069 1619 2131 occupan-

316 2138 392 2198 dum
410 2137 571 2225 residuum
586 2138 701 2199 Terrae
724 2138 852 2200 Sanctae
875 2139 1051 2200 animentur
1074 2138 1264 2221 (Brequigny
1281 2138 1304 2199 ll
1313 2139 1347 2218 B,
1371 2159 1401 2220 p.
1420 2140 1618 2218 759-760,

316 2227 377 2288 No.
401 2243 477 2306 ¹253
503 2227 609 2306 Migne
627 2227 661 2305 ll,
678 2247 708 2308 p.
727 2228 913 2307 698—699,
931 2229 991 2289 Nu.
1016 2248 1090 2308 1253
1116 2228 1264 2307 Potthast,
1281 2226 1342 2289 No.
1362 2228 1468 2307 2571).
1551 2225 1620 2288 808

398 2387 416 2418 „
464 2341 575 2404 Octob.
594 2364 601 2402 r
615 2364 640 2419 r,
657 2342 721 2404 ind.
735 2343 784 2404 IX.
803 2344 898 2424 Apud
915 2343 945 2404 S.
958 2342 1106 2425 Sophiam
1119 2342 1402 2424 Constantinopoli.
1422 2377 1466 2386 —
1480 2343 1620 2405 Thomas

318 2433 529 2509 MarroceuuS,
555 2431 725 2513 patriarcha
751 2432 1127 2514 Constantinopolitanus,
1160 2431 1305 2494 ecclesiae
1337 2432 1367 2494 S.
1388 2433 1503 2494 Mariae
1536 2433 1619 2494 vallis

315 2521 461 2602 iosaphat
476 2541 532 2602 per
548 2540 678 2582 manum
696 2528 732 2583 A.
750 2522 865 2583 abbatis
882 2523 1041 2584 ecclesiam
1059 2522 1089 2583 S.
1102 2522 1216 2583 Mariae
1233 2522 1271 2582 de
1288 2522 1437 2583 Tarauito
1454 2522 1619 2584 incivitate

315 2610 589 2692 Constantinopoli
610 2631 645 2672 ea
669 2611 850 2673 conditione
874 2611 1015 2673 concedit
1038 2627 1068 2672 et
1090 2611 1191 2691 sigillo
1214 2610 1386 2689 confirmat,
1410 2626 1445 2673 ut
1467 2612 1524 2673 sibi
1548 2612 1619 2673 inde

314 2699 424 2760 libram
442 2719 527 2761 cerae
544 2716 573 2760 et
589 2700 697 2761 libram
708 2701 807 2762 thuris
817 2701 978 2762 annuatim
988 2701 1127 2762 reddant.
1146 2701 1273 2761 Factum
1284 2721 1368 2762 anno
1380 2701 1619 2782 patriarchatusl

314 2789 510 2868 (Delaborde,
527 2809 556 2870 p.
575 2810 716 2870 94-95,
734 2790 794 2851 No.
811 2791 875 2870 45).
1550 2788 1619 2850 809

363 2904 452 2965 1206
469 2905 557 2966 Febr.
573 2938 617 2948 -
633 2905 762 2983 Juliana,
771 2905 791 2984 ¹)
815 2905 944 2967 domina
960 2905 1136 2983 Caesareae,
1160 2923 1287 2966 assensu
1310 2904 1411 2965 mariti
1435 2905 1562 2987 Aymari
1582 2906 1618 2968 de

315 2995 429 3056 lairon
442 2995 463 3070 a,
481 3012 509 3056 et
526 2994 579 3055 lilii
597 2994 722 3057 Galterii
746 2995 857 3056 domui
872 2995 1146 3057 Theutonicorum
1170 2995 1283 3055 domos
1305 3000 1516 3071 Acconenses,
1540 3015 1618 3076 quae

316 3085 443 3146 luerunt
460 3084 588 3163 Georgii
604 3084 781 3161 Lorminae,
806 3099 835 3144 et
851 3083 966 3146 voltam
982 3084 1129 3144 Bernardi
1146 3083 1286 3145 Falcillae
1310 3102 1435 3145 necnon
1457 3084 1617 3164 gastinam

314 3194 394 3253 quae
419 3174 542 3234 easdem
565 3190 594 3234 et
609 3173 741 3235 domum
759 3174 838 3234 Petri
855 3173 893 3234 de
909 3174 1066 3253 Beugraut
1088 3172 1253 3251 interjacet,
1277 3173 1357 3234 avia
1374 3172 1498 3254 publica
1520 3194 1618 3254 usque

314 3263 351 3323 ad
368 3262 458 3323 aliam
475 3262 556 3323 viam
573 3261 729 3344 publicam
746 3282 853 3324 versus
870 3281 964 3337 mare,
989 3279 1142 3344 praeterea
1158 3278 1274 3323 turrem
1295 3261 1415 3323 Mallart
1431 3282 1504 3323 cum
1522 3262 1618 3344 platea

313 3350 513 3431 antejaceute,
538 3372 617 3433 quae
641 3352 838 3433 protenditur
860 3372 961 3432 usque
984 3353 1022 3413 ad
1046 3351 1231 3413 divisionem
1254 3351 1399 3431 gastinae,
1422 3372 1502 3432 quae
1520 3368 1566 3413 est
1582 3352 1617 3414 de

272 3460 275 3464 ’
313 3442 449 3522 Templo
461 3441 601 3522 Domini,
612 3441 724 3502 deinde
735 3442 825 3503 aliam
837 3461 961 3523 parvam
978 3457 1095 3503 turrem
1112 3441 1184 3502 huie
1201 3440 1376 3522 oppositam
1393 3456 1422 3502 et
1437 3440 1472 3501 in
1487 3458 1617 3503 cantone

312 3549 477 3592 murorum
497 3531 624 3591 civitatis
646 3531 735 3591 sitam
752 3553 768 3592 a
785 3547 869 3612 parte
893 3530 1033 3592 orientali
1057 3530 1147 3610 (quae
1170 3531 1341 3612 praedictae
1365 3547 1464 3592 turres
1488 3531 1617 3593 domino

313 3621 490 3697 Caesareae,
515 3620 665 3700 quamdiu
689 3621 726 3681 ad
750 3620 965 3682 defensionem
991 3635 1097 3680 contra
1122 3620 1227 3680 hostes
1252 3639 1333 3701 opus
1359 3619 1412 3695 sit,
1438 3620 1616 3696 tradantur),

313 3708 425 3770 deinde
448 3727 604 3790 campum,
629 3710 683 3789 qui
707 3709 763 3770 fuir
786 3710 932 3771 dominae
955 3708 1076 3770 Brimae
1093 3726 1121 3770 et
1137 3711 1174 3769 ab
1196 3709 1355 3770 occidente
1379 3709 1470 3770 habet
1493 3710 1618 3771 hortum

314 3799 481 3880 Hospitalis
502 3813 531 3859 et
553 3819 570 3858 a
594 3799 721 3860 meridie
744 3818 890 3880 campum
914 3799 1034 3860 domiui
1059 3798 1196 3880 Aymari,
1219 3799 1257 3858 ab
1282 3799 1400 3859 oriente
1422 3797 1515 3876 viam,
1540 3818 1617 3879 quae

312 3908 456 3969 campum
475 3888 578 3969 ipsum
596 3905 625 3949 et
641 3908 786 3970 campum
809 3887 930 3951 domini
954 3887 1101 3969 Symonis
1125 3888 1243 3962 dividit,
1267 3908 1283 3947 a
1300 3887 1511 3967 septentrione
1528 3887 1617 3964 viam,

312 3998 392 4058 quae
409 3977 517 4039 dividit
534 3977 637 4059 ipsum
655 3997 801 4059 campum
818 3978 965 4039 dominae
982 3979 1126 4056 Grossae,
1143 3978 1246 4039 donat.
1278 3977 1408 4058 Insuper
1423 3976 1526 4056 sigillo
1543 3997 1617 4040 cou-

312 4067 420 4144 firmat,
448 4087 526 4148 quae
551 4068 710 4129 lohannes
735 4068 847 4129 Charle
874 4087 1001 4128 assensu
1035 4067 1138 4128 matris
1170 4082 1199 4127 et
1225 4067 1322 4128 fratris
1348 4065 1466 4148 Helyae
1493 4085 1617 4128 necnon

312 4157 427 4218 sororis
437 4157 584 4218 dominae
595 4158 790 4238 Orgoillosae
807 4172 835 4218 et
851 4177 943 4239 supra
961 4157 1117 4218 dictorum
1127 4157 1228 4217 eidem
1239 4155 1383 4237 hospitali
1395 4156 1478 4217 dedit
1488 4156 1616 4218 scilicet:

312 4246 335 4306 ll
353 4266 489 4328 campos,
514 4247 640 4308 hortum
657 4264 685 4308 et
701 4267 814 4324 aream,
831 4267 910 4327 quae
927 4262 971 4307 est
988 4247 1019 4308 in
1037 4246 1133 4328 capite
1150 4245 1267 4327 campi;
1287 4265 1370 4307 unus
1387 4245 1519 4307 istorum
1536 4265 1617 4307 cam-

312 4356 426 4417 porum
450 4337 541 4397 habet
564 4355 721 4418 campum,
745 4336 777 4397 in
794 4356 859 4416 quo
877 4353 922 4397 est
937 4335 1050 4413 agullia
1067 4336 1097 4397 S.
1116 4335 1205 4414 Petri,
1230 4350 1346 4416 aparte
1370 4335 1565 4415 occidentali,
1582 4335 1617 4396 ab

312 4425 429 4488 oriente
446 4426 647 4487 continuatur
662 4445 784 4508 campn,
795 4426 848 4507 qui
867 4425 924 4486 fuit
940 4424 1076 4487 Rainerii
1094 4426 1131 4486 de
1143 4423 1297 4501 Gibeleth,
1316 4423 1348 4485 in
1365 4443 1430 4505 quo
1447 4423 1618 4505 fuitquon-

311 4516 383 4576 dam
399 4515 499 4592 vinea,
516 4536 533 4576 a
549 4515 678 4577 meridie
694 4515 838 4577 adhaeret
854 4515 929 4594 viae,
947 4536 1027 4596 quae
1051 4530 1170 4596 separat
1192 4515 1318 4575 hortum
1339 4513 1567 4595 archiepiscopi
1582 4514 1617 4575 ab

311 4603 379 4685 ipso
396 4623 517 4685 camp0,
542 4605 784 4686 aseptentrione
808 4605 900 4665 habet
922 4603 1013 4684 viam,
1037 4624 1117 4683 quae
1135 4604 1220 4665 ducit
1236 4606 1274 4664 ab
1294 4603 1482 4684 Hadaydon,
1507 4618 1536 4664 et
1552 4622 1618 4664 area

311 4693 390 4754 dicta
413 4693 556 4775 superior
578 4709 623 4755 est
640 4695 672 4756 in
688 4694 785 4775 capite
808 4691 902 4771 hujus
925 4694 1036 4775 campi.
1069 4692 1158 4755 Alius
1175 4711 1304 4773 campus
1320 4708 1365 4753 est
1380 4711 1475 4773 super
1492 4692 1567 4773 ipsis
1582 4693 1618 4753 ab

311 4783 430 4843 oriente
453 4798 482 4843 et
505 4803 617 4864 parvus
641 4784 739 4866 paries
763 4803 816 4846 eos
840 4783 964 4853 dividit;
989 4804 1005 4844 a
1029 4799 1113 4864 parte
1137 4782 1306 4843 meridiana
1329 4782 1475 4843 adhaeret
1498 4801 1617 4865 campo,

385 4930 406 4996 ¹)
425 4927 470 4983 Cf.
484 4927 608 4997 Eraeles,
621 4947 649 5003 p.
664 4928 724 5004 306.
819 4931 841 4998 ²)
860 4926 940 4999 lbid.,
953 4945 980 5002 p.
994 4929 1056 5002 306,
1069 4944 1219 5004 310-312,
1232 4945 1293 5001 347,
1307 4925 1368 5003 388.
