3398 5400
299 386 359 446 ¹34
859 359 1034 433 Regesta

338 576 477 657 (1173t)
498 580 578 641 Nov.
604 612 648 623 —
673 578 808 653 Omar,¹)
834 579 915 640 filius
940 581 1094 658 Sceneste,
1120 579 1219 641 fidelis
1244 579 1391 658 Saladini,
1417 579 1602 641 consulibus

294 670 479 731 Pisanorum
495 669 579 730 idem
595 669 634 730 de
650 669 760 730 eadem
776 689 807 730 re
824 669 927 730 scribit
943 671 1070 747 (Amari,
1087 670 1097 730 l
1114 669 1246 750 diplomi
1261 669 1353 745 arabi,
1372 689 1401 750 p.
1415 670 1489 749 263,
1506 669 1600 749 N0.9

296 756 343 838 [cl.
353 778 383 840 p.
392 755 482 838 460];
495 757 593 835 Lami,
603 757 699 819 Delie.
709 759 861 837 erudit.V,
870 778 900 840 p.
912 761 1089 838 205—206;
1102 759 1139 820 cl.
1150 759 1283 820 Fanucci
1292 759 1326 836 ll,
1336 779 1366 841 p.
1375 759 1518 835 86-87).
1530 756 1602 819 509

370 862 388 930 ¹)
408 858 486 913 Talri
498 859 605 914 ed-din
618 859 709 915 Ornar
721 859 771 914 ibn
784 858 1008 923 Schahinschah,
1022 876 1113 931 nepos
1127 859 1261 915 Saladini.

339 955 350 1032 (
388 998 408 1029 ‚,
449 951 622 1033 [t]-1243
638 954 687 1032 ε).
701 989 741 998 -
753 954 976 1031 Eleemosinae,
987 955 1171 1036 emptiones,
1183 953 1445 1033 confirmationes,
1456 973 1603 1017 commu-

295 1043 425 1105 tationes
442 1058 471 1104 et
487 1042 654 1124 privilegia,
666 1063 745 1124 quae
762 1044 877 1104 domus
893 1043 923 1104 S.
933 1043 1048 1105 Mariae
1057 1043 1330 1105 Theutonicorum
1341 1045 1373 1106 in
1383 1045 1480 1106 Terra
1490 1044 1602 1105 Sancta

296 1133 412 1214 accepit
430 1151 531 1213 neque
548 1147 652 1193 tamen
669 1133 700 1193 in
718 1133 829 1193 chartis
852 1133 943 1195 nobis
967 1132 1048 1195 notis
1072 1133 1219 1194 invenias.
1236 1167 1280 1177 -
1297 1134 1337 1210 (ι)
1354 1134 1449 1214 Apud
1467 1148 1603 1194 castrum

296 1221 389 1301 Regis
412 1222 501 1282 vinea
524 1222 644 1283 domini
667 1221 772 1284 Jacobi
788 1220 984 1303 Tripolitani,
1011 1241 1091 1302 quae
1108 1223 1164 1283 sita
1180 1237 1225 1283 est
1241 1221 1324 1301 juxta
1341 1223 1463 1284 vineam
1479 1221 1602 1284 domini

295 1312 490 1373 Boonecasae
514 1311 632 1392 antiqui
655 1327 762 1372 contra
785 1311 865 1371 viam
890 1312 928 1372 de
944 1312 1071 1389 Buchel,
1095 1310 1135 1389 (2)
1153 1311 1178 1372 ll
1195 1311 1289 1373 frusta
1305 1327 1401 1373 terrae
1417 1312 1457 1373 de
1473 1311 1602 1372 domina

295 1402 334 1461 de
350 1405 492 1461 Amerun
508 1415 599 1477 emta,
617 1419 755 1481 quorum
779 1420 880 1461 unum
899 1401 993 1462 situm
1011 1416 1055 1461 est
1071 1421 1166 1483 super
1181 1401 1303 1462 vineam
1319 1401 1440 1463 domini
1456 1402 1602 1462 Andreae

297 1489 328 1550 in
345 1489 393 1550 via
409 1490 447 1551 de
463 1489 600 1568 Tertille,
610 1492 629 1566 1)
653 1488 786 1551 alterum
808 1487 890 1565 juxta
906 1490 1028 1550 vineam
1044 1490 1082 1550 de
1101 1509 1184 1551 novo
1204 1489 1369 1570 plantatam
1389 1490 1510 1552 domini
1528 1490 1601 1551 Ber-

297 1579 384 1639 uardi
403 1578 510 1639 Divitis
526 1598 620 1660 super
636 1598 751 1656 cavam,
762 1579 877 1640 domus
893 1581 930 1639 ab
945 1578 1052 1640 eadem
1064 1578 1194 1641 domina
1211 1596 1291 1640 emta
1308 1596 1337 1641 et
1354 1598 1451 1662 prope
1468 1579 1602 1641 domum

296 1667 517 1749 archiepiscopi
529 1670 567 1729 de
577 1669 728 1730 Nazareth
739 1668 805 1747 sita,
817 1669 857 1748 (3)
869 1667 1002 1729 frustum
1012 1684 1109 1729 terrae
1119 1669 1157 1729 de
1170 1687 1265 1729 uxore
1276 1668 1399 1731 Odonis
1413 1670 1451 1729 de
1469 1668 1601 1730 Furhun

297 1773 387 1835 emta,
404 1757 491 1838 quod
514 1757 607 1819 situm
631 1773 676 1818 est
699 1756 780 1834 juxta
803 1772 914 1818 terrant
938 1757 1059 1819 domini
1082 1758 1239 1820 Guidonis
1259 1759 1297 1818 de
1315 1759 1457 1839 Renaytt
1474 1757 1507 1818 in
1524 1771 1603 1818 terra

297 1847 384 1924 Alba,
405 1862 434 1907 et
451 1848 724 1927 propugnaculum
747 1847 810 1908 sive
833 1847 1012 1923 barbacano,
1030 1849 1117 1926 quod
1141 1847 1325 1927 contiguum
1349 1863 1393 1908 est
1415 1849 1602 1907 barbacanae

297 1935 453 1998 Guidonis
470 1936 508 1996 de
526 1936 644 2017 Renay,
665 1937 796 1997 cisterna
812 1955 920 2016 aquae,
945 1955 1024 2015 quae
1048 1951 1093 1997 est
1113 1952 1182 1997 ante
1199 1938 1331 1998 domum
1348 1935 1604 2014 Fertei·brachei‚

297 2026 412 2087 domus
423 2044 495 2086 cum
506 2026 646 2103 cisterna,
657 2046 736 2106 quae
753 2026 785 2087 in
796 2026 893 2086 domo
910 2041 954 2086 est
970 2023 1053 2104 juxta
1063 2027 1195 2087 domum
1206 2026 1326 2087 domini
1337 2025 1485 2106 Symonis
1495 2024 1601 2088 Galio-

297 2116 366 2176 thae
382 2115 449 2192 sita,
467 2115 507 2193 (4)
524 2129 586 2175 tota
602 2113 743 2192 ejusdem
763 2115 901 2176 Simonis
917 2114 1078 2177 Galiothae
1096 2115 1256 2192 hereditas,
1282 2115 1322 2195 (5)
1339 2115 1376 2176 lll
1392 2115 1491 2196 petiae
1506 2130 1604 2176 terrae

297 2206 334 2265 ab
351 2223 447 2265 uxore
464 2202 585 2264 domini
603 2204 758 2265 Wernerii
775 2205 813 2265 de
833 2203 917 2265 Paris
932 2204 1083 2282 venditae,
1100 2223 1235 2285 quarum
1258 2204 1358 2285 prima
1380 2203 1435 2264 sita
1457 2219 1502 2265 est
1526 2202 1604 2263 infra

297 2310 409 2354 terram
430 2292 522 2353 Rauli
545 2292 650 2354 militis
672 2309 701 2354 et
723 2294 837 2375 loseph
861 2293 1075 2370 dominorum,
1100 2294 1236 2354 secunda
1261 2296 1344 2374 apud
1371 2293 1489 2354 fontem
1514 2291 1604 2353 villae

297 2382 447 2444 Terschia
463 2382 560 2443 dictae
577 2398 606 2443 et
621 2398 718 2443 terrae
734 2383 765 2444 S.
775 2380 938 2463 Sepulchri
948 2382 1104 2463 contigua,
1115 2383 1202 2444 tertia
1214 2384 1245 2444 in
1256 2383 1351 2444 divisa
1362 2381 1450 2444 villae
1462 2382 1604 2444 Sivenete

299 2473 396 2533 dictae
419 2491 514 2553 super
530 2471 609 2532 viam
627 2474 665 2533 de
683 2477 789 2532 Accon
806 2470 1015 2548 iuxtaterram
1032 2472 1189 2534 Guidonis
1211 2472 1250 2533 de
1274 2472 1383 2553 Renay
1405 2472 1470 2549 sita,
1495 2471 1604 2533 hortus

299 2563 337 2622 ab
353 2561 462 2622 eadem
480 2561 607 2621 domina
623 2576 724 2622 emtus
741 2580 814 2622 cum
830 2561 971 2640 cisterna,
995 2561 1050 2642 qui
1072 2581 1166 2642 super
1189 2562 1315 2622 hortum
1338 2560 1603 2622 Brachs-de-lerre

300 2651 375 2712 situs
399 2666 454 2731 εει,
477 2665 507 2711 ει
526 2650 639 2711 domus
655 2648 738 2729 juxta
761 2668 894 2711 veterem
917 2650 1033 2711 curiam
1057 2651 1123 2729 sita,
1148 2650 1187 2727 (6)
1205 2651 1292 2712 vinea
1309 2672 1326 2711 a
1342 2650 1470 2711 domina
1493 2649 1604 2711 Dulcia

299 2739 423 2801 vendita
439 2754 468 2800 et
485 2739 563 2800 inter
578 2739 682 2801 vineas
705 2739 843 2821 episcopi
859 2754 889 2801 et
906 2738 1068 2817 cujusdam
1092 2740 1235 2801 balistarii
1253 2741 1308 2800 sita
1327 2759 1452 2801 necnon
1469 2739 1493 2800 ll
1510 2738 1605 2800 frusta

299 2845 406 2906 terrae,
417 2848 554 2909 quorum
570 2829 708 2910 primum
719 2829 813 2890 situm
829 2847 873 2890 est
888 2849 982 2910 super
998 2843 1108 2889 terram
1125 2829 1246 2890 domini
1262 2829 1341 2890 Petri
1359 2829 1490 2889 Marhisc
1508 2828 1540 2888 in
1557 2827 1605 2888 via

300 2917 387 2979 villae
404 2919 443 2978 de
460 2918 484 2978 F
486 2936 569 2996 enes,
586 2918 717 2979 alterurn
735 2938 829 2999 super
844 2918 966 2979 vineam
984 2918 1084 2979 rufam
1099 2919 1246 2980 Bernardi
1258 2918 1377 2998 Divitis,
1394 2917 1434 2996 (7)
1446 2918 1605 2995 lldomus,

299 3027 434 3088 quarum
452 3006 536 3087 prior
551 3007 703 3069 destructa
726 3007 890 3068 cisternam
913 3009 1014 3084 haber,
1038 3007 1129 3069 altera
1152 3007 1206 3068 sita
1226 3024 1270 3068 est
1287 3007 1365 3068 inter
1381 3004 1605 3088 archiepiscopi

300 3111 330 3157 et
346 3096 467 3158 domini
488 3096 617 3157 Henrici
639 3097 763 3174 domos,
788 3096 828 3174 (8)
845 3098 933 3158 vinea
950 3118 966 3157 a
983 3096 1044 3156 filia
1068 3097 1213 3175 Hugonis
1237 3097 1351 3157 Merlin
1374 3096 1507 3174 vendita,
1524 3114 1606 3176 quae

301 3187 380 3247 inter
402 3185 546 3247 balistarii
562 3201 592 3246 et
609 3186 686 3247 Petri
703 3187 741 3247 de
759 3184 896 3247 Schalun
919 3187 1022 3247 vineas
1038 3186 1093 3246 sita
1110 3202 1164 3264 εει,
1187 3186 1211 3247 ll
1229 3186 1323 3247 frusta
1339 3200 1447 3264 terrae,
1464 3203 1605 3266 quorum

300 3276 386 3357 prius
403 3276 461 3336 sub
478 3275 567 3336 vinea
585 3275 720 3353 Martini,
737 3275 867 3336 alterum
884 3295 977 3356 super
987 3276 1109 3336 vineam
1120 3276 1220 3336 rufam
1232 3275 1379 3336 Bernardi
1391 3273 1501 3336 Divitis
1510 3274 1606 3335 situm

300 3382 354 3443 est,
379 3380 408 3426 et
424 3365 548 3441 domus,
566 3383 645 3444 quae
662 3381 706 3426 est
722 3381 803 3426 retro
820 3366 954 3427 domum
970 3364 1096 3427 Galtetii
1115 3380 1220 3425 contra
1236 3366 1369 3427 domum
1385 3363 1546 3444 Stephani,
1565 3361 1605 3443 (9)

301 3455 415 3515 domus
431 3474 448 3514 a
464 3454 595 3515 domino
618 3455 752 3514 Abraam
775 3455 890 3515 Furnir
911 3454 1044 3531 vendita,
1068 3473 1147 3534 quae
1171 3455 1249 3516 inter
1273 3453 1396 3516 Martini
1420 3453 1554 3514 domum
1577 3468 1606 3514 et

301 3543 426 3604 hortum
434 3543 592 3605 Guillelmi
600 3543 752 3623 Malinger
762 3543 818 3605 sita
829 3560 883 3621 est,
895 3560 923 3605 ει
933 3558 1004 3624 ροει
1015 3544 1145 3604 eandem
1154 3544 1286 3605 domum
1297 3545 1405 3604 hortus
1414 3561 1606 3623 parvus,quo

301 3633 409 3693 insunt
425 3632 448 3692 ll
465 3631 624 3711 cisternae,
642 3631 703 3709 (ιο)
721 3634 830 3694 hortus
846 3633 1001 3694 adomiua
1012 3632 1186 3695 Guncelina
1197 3633 1340 3693 venditus
1351 3648 1380 3693 et
1390 3632 1467 3692 ultra
1478 3632 1606 3694 hortum

300 3721 421 3782 domini
433 3721 512 3782 Petri
524 3721 674 3782 Marchise
691 3721 777 3797 situs,
794 3721 857 3799 (ιι)
875 3722 1007 3783 frustum
1020 3738 1120 3791 terrae
1137 3723 1174 3781 ab
1184 3722 1336 3800 lohanne,
1354 3720 1418 3782 filio
1436 3720 1550 3782 Marini
1568 3721 1606 3781 de

299 3810 397 3889 lader,
405 3810 567 3872 venditum
584 3825 614 3871 et
630 3810 707 3872 ultra
724 3812 845 3872 vineam
856 3811 959 3873 Jacobi
977 3812 1015 3871 de
1031 3810 1138 3892 Triple
1154 3811 1259 3888 situm,
1278 3810 1340 3887 (ιε)
1357 3811 1447 3871 vinea
1463 3812 1501 3870 ab
1517 3810 1606 3871 Hen-

301 3899 374 3979 rico,
392 3899 603 3981 dispensatore
620 3899 768 3981 episcopi,
786 3902 908 3962 vendita
925 3900 1001 3961 etin
1019 3901 1066 3960 via
1082 3900 1201 3981 Suphie
1219 3900 1274 3960 sita
1291 3900 1462 3980 vineaeque
1478 3898 1606 3961 Galterii

300 3990 459 4071 contigua,
477 4008 601 4051 necnon
619 3990 733 4051 domus
750 4006 854 4051 contra
876 3991 1008 4051 domum
1031 3989 1254 4070 archiepiscopi
1270 3989 1326 4049 sita
1342 4005 1370 4049 et
1388 4004 1457 4069 post
1473 3989 1605 4049 eandem

299 4079 409 4140 hortus
426 4095 454 4140 et
471 4079 600 4140 cisterna
624 4098 720 4160 prope
744 4079 871 4140 hortum
897 4078 1023 4158 Rogerii
1040 4079 1115 4140 situs
1132 4094 1162 4139 et
1178 4078 1214 4139 lll
1232 4079 1330 4159 petiae
1346 4095 1453 4154 terrae,
1470 4095 1606 4158 quarum

300 4168 400 4250 prima
416 4169 500 4250 apud
517 4168 675 4230 ecclesiam
693 4168 723 4229 S.
737 4168 850 4229 Mariae
869 4168 1081 4246 Magdalenae,
1099 4168 1235 4229 secunda
1251 4187 1345 4249 super
1360 4167 1483 4228 vineam
1501 4165 1608 4228 uxoris

300 4258 422 4320 domini
434 4258 569 4335 Martini,
587 4258 672 4319 tertia
688 4259 747 4319 sub
765 4258 853 4318 vinea
869 4257 1092 4339 archiepiscopi
1108 4258 1164 4318 sita
1180 4273 1235 4334 est,
1253 4255 1276 4333 (ι
1287 4257 1315 4337 3)
1326 4258 1440 4319 domus
1450 4277 1467 4316 a
1478 4256 1607 4317 domina

299 4349 421 4409 Juliana
432 4349 454 4425 3)
471 4349 594 4410 vendita
611 4363 640 4409 et
656 4367 754 4429 prope
770 4349 903 4409 domum
925 4347 1121 4430 leprosorum
1145 4347 1210 4419 sita,
1234 4345 1297 4425 (¹4)
1321 4346 1344 4406 ll
1362 4347 1458 4408 frusta
1477 4362 1607 4407 terraea

300 4438 430 4499 domina
448 4438 608 4516 Margarita
629 4438 762 4514 vendita,
786 4437 821 4497 lll
838 4439 953 4498 domus
970 4453 999 4498 ει
1015 4437 1134 4512 hortus,
1159 4437 1183 4511 (ι
1195 4437 1221 4515 5)
1238 4435 1262 4496 ll
1278 4435 1385 4497 vineae
1401 4457 1418 4496 a
1435 4434 1607 4498 Guillelmo

299 4527 425 4588 Tabach
451 4526 610 4605 venditae,
637 4527 746 4588 hortus
773 4527 855 4606 apud
879 4525 1022 4587 Theium
1051 4541 1080 4586 et
1109 4525 1186 4586 alius
1212 4526 1321 4586 hortus
1345 4526 1429 4605 apud
1455 4541 1608 4586 turonum

300 4635 526 4697 suspensorum
543 4635 667 4677 necnon
684 4616 808 4693 domus,
826 4614 888 4692 (16)
905 4614 995 4676 vinea
1011 4636 1027 4676 a
1043 4615 1210 4692 Robelino,
1229 4613 1293 4675 lilio
1308 4613 1469 4677 Guillelmi
1485 4613 1608 4691 sutoris,

214 4786 217 4791 ἡ
299 4703 462 4783 vendita,(t
471 4705 500 4783 7)
509 4705 656 4766 medietas
666 4705 839 4766 molendini
851 4725 867 4765 a
877 4705 982 4785 pueris
994 4705 1139 4765 Bernardi
1152 4703 1261 4764 Divitis
1272 4719 1300 4764 et
1310 4703 1474 4783 Reinaldo,
1485 4702 1608 4765 sororio

377 4845 396 4905 ¹)
416 4841 523 4912 Aperte
537 4839 742 4912 corrigendum
755 4854 799 4897 est
811 4839 959 4908 Terfil(l)e.
1043 4842 1064 4910 9)
1083 4838 1160 4894 Alias
1173 4840 1275 4912 Ronay
1288 4850 1417 4895 vocatus.
1492 4840 1514 4911 ⁸)
1533 4839 1608 4895 Cae-

301 4913 437 4973 sariensit
451 4912 495 4969 Cl'.
510 4913 651 4983 Strehllte,
664 4930 690 4984 p.
705 4931 820 4989 32-33,
833 4914 888 4969 Νο.
901 4925 951 4983 40:
966 4912 1047 4967 Febr.
1066 4912 1139 4969 1206.
