3398 5400
285 357 344 434 198
845 350 1020 419 Regesta

279 568 434 631 Plebanus
455 570 616 648 Botoroni,
640 569 839 630 Raimundus
855 569 893 630 de
911 569 1010 631 Biblio
1027 567 1158 646 juvenis,
1182 569 1378 647 Bertrandus,
1403 569 1493 630 frater
1509 567 1586 646 ejus,

279 658 458 721 Willelmus
469 658 655 735 Porceletus‚
667 659 774 720 Petrus
785 659 822 719 de
833 658 1040 733 Ravendellis,
1052 658 1202 721 Girardus
1212 658 1466 729 constabularius,
1478 659 1588 720 Petrus

279 748 470 826 Saramanni,
481 748 725 810 Raimundusde
734 747 949 824 Scandalione,
963 747 1187 827 Belrelngerius
1196 747 1233 809 de
1243 747 1430 821 Montolivo,
1442 746 1586 828 Ogerius,

279 837 362 899 filius
379 835 456 914 ejus,
474 838 620 899 Erbertus
636 837 830 915 Sarantanni,
847 837 1067 913 Saramanuus,
1079 838 1131 898 W.
1144 838 1181 898 de
1199 838 1405 913 Cavonronte,
1418 836 1589 898 Gauftidus

280 928 318 989 de
344 927 515 1004 Cusanciis,
540 927 704 999 Henricus,
732 946 830 1008 nepos
856 926 992 1003 plebani,
1026 926 1222 987 Raimundus
1248 927 1285 987 de
1311 926 1417 1003 Faitta,
1444 925 1587 1001 Saissius,

278 1016 437 1078 lohannes
458 1017 495 1077 de
513 1017 650 1096 Moneta,
678 1015 847 1091 Homodei,
872 1015 1055 1094 Peregrinus
1078 1016 1299 1091 Carbonacius,
1324 1017 1432 1077 Petrus
1454 1014 1587 1093 Girardi,

279 1105 482 1185 Francardus,
493 1105 650 1167 Johannes
662 1105 794 1182 Viviani,
806 1104 907 1168 Gilius
917 1105 1025 1184 Faber,
1042 1105 1240 1167 Raimundus
1250 1106 1329 1167 Baro
1341 1105 1437 1181 (Paoli
1448 1106 1469 1185 Ι,
1481 1125 1511 1186 p.
1524 1124 1586 1185 252

278 1215 397 1274 -253,
414 1196 474 1256 Nu.
495 1214 529 1256 21
544 1195 578 1272 r).
1518 1190 1589 1253 742

328 1292 418 1353 1198
434 1298 515 1372 Aug.
540 1293 627 1376 Tyri.
645 1328 689 1336 —
705 1292 880 1354 Aimeticus
896 1293 931 1370 ll,
954 1313 1005 1354 rex
1022 1292 1325 1375 Hierosolymitanus
1342 1309 1371 1353 et
1387 1291 1493 1374 Cypri,
1511 1312 1588 1353 con-

278 1403 373 1444 sensu
390 1382 495 1445 uxoris
512 1382 618 1456 lsabel,
643 1384 806 1465 quondam
829 1383 909 1462 regis
928 1382 1075 1443 Amaltici
1092 1382 1103 1443 Ι
1120 1381 1209 1457 filiae,
1234 1401 1324 1463 prece
1340 1398 1369 1443 et
1386 1381 1588 1461 requisitione

278 1472 466 1547 Boemundi,
478 1473 598 1534 comitis
607 1472 804 1553 Tripolitani,
816 1470 946 1552 ejusque
958 1471 1062 1532 uxoris
1074 1471 1270 1546 Plaizenciae,
1289 1471 1442 1552 Hospitali
1458 1469 1588 1553 ejusque

279 1560 426 1641 magistro
442 1561 595 1624 Gaultido
612 1561 650 1623 de
668 1561 797 1622 Donion
821 1560 962 1622 concedit
986 1562 1017 1621 M
1036 1560 1184 1621 bisantios
1208 1561 1368 1621 annuatim
1393 1561 1588 1641 recipiendos

279 1651 317 1712 ad
341 1667 480 1711 catenam
500 1650 636 1712 Acconis
659 1651 696 1712 de
714 1651 773 1711 illis
790 1651 830 1712 lV
847 1649 994 1725 millibus,
1012 1669 1093 1730 quos
1116 1650 1197 1711 idem
1220 1669 1325 1711 comes
1341 1649 1556 1730 Tripolitanus
1572 1671 1588 1711 a

280 1760 350 1821 rege
373 1756 456 1801 tenet
479 1755 509 1801 et
532 1759 588 1821 pro
605 1740 721 1821 quibus
744 1738 883 1815 ejusdem
908 1740 1005 1800 homo
1030 1740 1162 1800 devenit.
1196 1740 1262 1800 Hos
1280 1739 1373 1815 igitur
1390 1740 1422 1800 M
1441 1738 1588 1801 bisantios

279 1828 454 1911 praedictus
479 1848 584 1891 comes
615 1829 723 1890 domui
750 1828 918 1909 Hospitalis
948 1829 1043 1889 donat
1068 1844 1097 1890 et
1121 1848 1173 1889 tex
1199 1848 1256 1909 pro
1282 1829 1424 1889 XXXVII
1451 1827 1589 1890 millibus

279 1917 495 1995 bisantiorum,
513 1939 594 1999 quos
617 1937 723 1979 comes
745 1919 854 1979 domui
872 1919 999 1979 reddere
1016 1919 1177 1979 tenebatur
1193 1937 1249 1998 pro
1266 1917 1370 1979 debito
1387 1917 1588 1979 antecessoris

280 2007 450 2069 Raimundi
467 2007 599 2087 comitis,
616 2008 744 2069 eosdem
762 2007 864 2086 sigillo
881 2006 1052 2079 confirmat,
1069 2027 1127 2089 pro
1143 2007 1259 2087 quibus
1276 2007 1354 2068 dicta
1372 2008 1487 2068 domus
1503 2007 1588 2068 vadi-

279 2097 424 2158 monium
442 2097 617 2176 possidebat
627 2097 763 2158 assisiam
776 2097 987 2174 Bohemundi,
998 2116 1093 2176 quam
1105 2096 1234 2157 habebat
1245 2097 1282 2157 ad
1294 2111 1431 2157 catenam
1444 2096 1588 2175 Acconis,

280 2185 421 2247 videlicet
437 2186 477 2247 lV
488 2186 582 2247 millia
599 2186 814 2247 bisantiorum.
835 2220 870 2228 -
891 2185 1062 2247 Rainaldus
1079 2185 1224 2267 Sydonis,
1243 2185 1588 2267 RadulphusTyberia-

280 2274 337 2351 dis,
354 2275 546 2336 senescalcus
563 2275 661 2355 regni,
677 2275 846 2349 lohannes,
868 2274 1069 2336 constabulus
1086 2275 1182 2353 tegni,
1199 2275 1366 2351 lohannes,
1386 2275 1588 2336 marescalcus

279 2364 375 2444 tegni,
400 2365 552 2442 Roardus,
569 2365 719 2425 dominus
735 2363 913 2446 Cayphlae),
930 2364 1075 2425 Tetricus
1092 2365 1129 2425 de
1146 2363 1236 2439 Orca,
1258 2364 1404 2424 Tetricus
1421 2365 1459 2424 de
1475 2364 1587 2425 Terre-

280 2453 406 2533 monde,
431 2453 630 2514 Raimundus
656 2455 694 2515 de
720 2453 851 2529 Gibelet,
879 2454 1051 2515 balduinus
1076 2454 1114 2514 de
1141 2454 1269 2526 Bethan,
1297 2454 1524 2515 Guermundus
1550 2454 1588 2514 de

279 2543 407 2604 Bethan.
434 2544 548 2604 Datum
566 2563 621 2625 per
637 2542 879 2615 manumloscii,
897 2542 1119 2624 archiepiscopi
1130 2542 1290 2624 Tyriensis
1307 2543 1450 2623 regisque
1468 2543 1588 2604 cancel-

279 2630 344 2693 larii
362 2631 456 2708 (Paoli
474 2632 496 2707 Ι,
513 2652 543 2714 p.
563 2653 748 2713 234—235,
766 2632 827 2694 No.
852 2634 927 2711 1893
953 2632 990 2693 cf.
1009 2653 1038 2713 p.
1059 2638 1141 2712 545).
1519 2628 1588 2691 743

360 2774 379 2805 ,,
425 2735 508 2809 Aug.
533 2735 650 2791 Accon.
667 2765 712 2774 -
729 2730 912 2812 Aytnericus
929 2730 961 2806 ll,
985 2750 1036 2791 rex
1060 2729 1366 2811 Hierosolymitanus
1389 2745 1419 2791 et
1441 2730 1587 2813 Cyprius,

279 2838 405 2880 assensu
432 2819 585 2881 Ysabellis
610 2820 716 2881 uxoris
742 2820 851 2880 domui
876 2819 1150 2881 Theutonicorum
1173 2835 1300 2895 turrem,
1324 2840 1404 2900 quae
1428 2836 1589 2901 estsuper

279 2924 399 2989 portam
417 2908 447 2969 S.
459 2908 579 2970 Nicolai
590 2914 818 2988 Acconensem,
830 2909 1018 2990 quibusdam
1035 2909 1267 2970 conditionibus
1284 2909 1424 2969 concedit
1441 2924 1469 2970 et
1485 2908 1587 2989 sigillo

279 2995 451 3059 confirmat.
468 3032 512 3041 -
530 2999 700 3061 Rainaldus
720 2998 866 3080 Sydonis,
893 2997 1046 3058 Radulfus
1062 2997 1255 3079 Tyberiadis,
1279 2998 1472 3059 senescalcus
1488 2999 1586 3077 regni,

278 3086 446 3163 lohannes,
473 3088 720 3149 constabularius
743 3087 840 3166 tegni,
866 3087 1033 3165 lohannes,
1061 3087 1262 3148 marescalcus
1285 3088 1383 3166 regni,
1410 3088 1586 3167 Rohardus,

279 3175 594 3258 dominusCayphae,
609 3177 756 3238 Tetricus
772 3177 811 3237 de
828 3176 918 3253 Orca,
935 3176 1082 3238 Tetricus
1099 3178 1137 3237 de
1153 3176 1372 3249 Terrimonde,
1390 3177 1587 3238 Raimundus

279 3264 317 3325 de
334 3264 465 3327 Gibelet.
491 3266 605 3327 Datum
623 3286 678 3348 per
694 3284 822 3326 manum
833 3264 936 3341 loscii,
947 3265 1097 3347 Tyrensis
1108 3265 1330 3347 archiepiscopi
1348 3266 1498 3346 regnique
1515 3285 1587 3327 can-

279 3354 390 3414 cellarii
408 3354 568 3434 (Strehllte,
586 3376 615 3437 p.
636 3357 775 3434 28—29,
794 3356 855 3416 Nu.
875 3371 932 3435 35;
950 3354 989 3416 cf.
1006 3374 1037 3436 p.
1055 3374 1123 3433 122,
1141 3374 1215 3433 ¹243
1242 3354 1296 3416 SS.
1318 3374 1423 3416 retum
1447 3356 1550 3416 Pruss.
1569 3354 1587 3431 Ι,

278 3463 308 3525 p.
329 3444 522 3522 220—221l.
1517 3440 1587 3503 744

315 3542 326 3620 (
365 3586 384 3618 ,,
424 3542 507 3623 Sept.
526 3542 687 3604 ao—Dec.
702 3539 764 3621 31).
783 3541 933 3604 Laterani.
951 3575 993 3584 -
1009 3541 1209 3603 lnnocentius
1227 3542 1263 3603 ΙΙΙ
1280 3541 1426 3619 magistro
1444 3556 1472 3602 et
1489 3541 1586 3603 fratri-

279 3632 336 3691 bus
354 3630 522 3712 Hospitalis
539 3632 577 3692 de
594 3631 801 3692 controversia
823 3630 901 3691 inter
918 3631 1001 3711 ipsos
1019 3646 1046 3690 et
1064 3631 1223 3691 ecclesiam
1239 3630 1465 3711 Tripolitanam
1484 3647 1586 3692 exona

277 3721 330 3781 sed
348 3740 434 3781 nunc
451 3719 567 3797 judicio
583 3717 747 3795 dijudicata
764 3720 876 3780 scribit.
898 3721 1067 3799 Postquam
1077 3720 1161 3780 enim
1173 3720 1215 3794 S.,
1227 3720 1311 3800 prior
1327 3720 1358 3781 S.
1372 3720 1541 3799 Michaelis,
1558 3736 1587 3781 et

278 3809 453 3871 Aimericus
476 3808 656 3884 canonicus,
681 3809 782 3871 nuntii
807 3808 951 3870 ecclesiae
974 3808 1197 3889 Tripolitanae,
1223 3810 1254 3870 in
1278 3809 1361 3869 curia
1385 3809 1528 3870 Romana
1548 3810 1585 3870 de

278 3897 403 3960 ecclesia
420 3898 558 3980 Nephini
575 3917 609 3959 ac
627 3898 663 3960 ΙΙΙ
680 3899 840 3977 casalibus,
852 3918 932 3978 quae
949 3898 1111 3959 occasione
1128 3898 1297 3959 litterarum
1315 3899 1476 3979 quondam
1493 3898 1586 3973 Cloe-

278 3987 378 4049 lestini
396 3987 444 4061 llll
461 4008 558 4070 papae
575 3987 646 4049 dicti
664 3987 769 4049 fratres
786 4007 954 4069 occupasse
971 3989 1162 4067 dicebantur,
1180 3988 1394 4068 quaestionem
1412 4008 1585 4069 proposue-

278 4092 351 4138 tunt
375 4094 405 4138 et
429 4096 540 4139 eorum
566 4077 667 4139 nuntii
694 4078 732 4138 N.
758 4093 787 4138 et
808 4078 840 4138 P.
868 4095 1130 4158 repugnaverunt,
1157 4097 1245 4158 papa,
1271 4097 1303 4138 re
1329 4077 1383 4137 diu
1409 4077 1585 4153 deliberata,

277 4166 437 4228 ecclesiam
449 4167 677 4249 Tripolitanam
693 4167 726 4227 in
742 4167 879 4228 eundem
896 4183 1007 4229 statum
1026 4167 1259 4248 possessionum
1278 4167 1411 4227 decrevit
1427 4167 1585 4243 reducere,

277 4275 373 4337 quem
390 4256 506 4335 habuit,
522 4272 688 4337 antequam
705 4276 759 4337 per
774 4256 1043 4337 archiepiscopum
1059 4257 1255 4317 Nazarenum
1272 4272 1301 4317 et
1317 4257 1457 4316 abbatem
1469 4255 1586 4317 Montis

277 4345 391 4407 Oliveti
407 4367 424 4407 a
441 4346 609 4427 patriarcha
621 4345 906 4428 Hierosolymitano
917 4345 1080 4407 occasione
1092 4345 1227 4407 mandati
1239 4365 1335 4426 papae
1347 4344 1527 4421 Cloelestini
1539 4344 1585 4420 llll

277 4435 356 4496 dicta
372 4436 528 4517 possessio
545 4434 636 4497 luerit
652 4433 835 4513 adjudicata.
869 4435 974 4515 ltaque
998 4434 1128 4510 nuntiat,
1145 4455 1177 4495 se
1195 4434 1327 4514 (loscio),
1349 4434 1584 4514 archiepiscopo

276 4524 421 4607 Tyrensi,
447 4540 476 4586 et
499 4524 646 4606 episcopo
663 4522 841 4586 Sidoniensi
868 4525 1069 4600 mandavisse,
1094 4540 1128 4584 ut
1156 4524 1340 4604 praedictam
1364 4523 1524 4584 ecclesiam
1548 4523 1586 4584 de

277 4613 431 4695 Nephinis
448 4614 592 4675 ecclesiae
602 4613 814 4695 Tripolitanae
831 4613 988 4690 assignent
1004 4613 1127 4691 (Baluze
1144 4613 1166 4692 l,
1184 4633 1214 4693 p.
1227 4634 1278 4692 40,
1289 4614 1349 4674 Νο.
1361 4634 1378 4679 7
1384 4632 1418 4692 33
1437 4613 1584 4687 Potthast,

276 4703 337 4765 No.
358 4723 436 4784 5²03
461 4703 500 4764 cf.
519 4705 578 4764 No.
598 4704 682 4783 932).
1516 4698 1586 4761 745

363 4846 382 4878 ,,
428 4799 541 4861 Octob.
565 4804 684 4862 Accon.
702 4833 745 4843 —
761 4799 945 4881 Aymeticus
962 4799 996 4872 ΙΙ,
1021 4820 1073 4860 rex
1096 4798 1401 4880 Hierosolymitanus
1426 4814 1454 4860 et
1478 4799 1583 4880 Cypri,

277 4909 350 4952 cum
367 4908 463 4952 uxore
480 4889 616 4970 lsabella,
628 4888 790 4951 Willelmo
807 4891 845 4951 de
862 4890 949 4952 Petra
966 4905 995 4950 et
1011 4889 1178 4950 heredibus
1194 4905 1311 4950 turrem
1328 4887 1455 4950 civitatis
1466 4893 1584 4967 Accon,
