3398 5400
283 301 326 380 48
846 294 1022 366 Regesta

305 391 335 395 ....
344 388 1002 395 ———.—...—-——.—.——.-.——-...

332 513 422 575 1140
438 515 536 596 April.
561 535 607 593 19,
625 514 689 576 ind.
707 514 754 576 lll.
780 516 973 577 Antiochiae.
991 549 1034 559 -
1051 516 1260 597 Raymundus
1277 516 1299 593 l,
1317 517 1460 599 princeps
1477 516 1590 578 Antio-

283 605 411 682 chenus,
429 604 601 678 confirmat,
618 625 649 665 se
665 605 754 666 tertio
771 605 959 685 principatus
976 606 1023 666 sui
1040 625 1124 666 anuo
1142 606 1248 685 (1139)
1266 605 1502 686 Hierosolymis,
1523 625 1590 686 quo

282 694 465 755 adoraturus
482 694 593 771 ivisset,
611 714 627 753 a
644 694 743 770 Petro,
761 694 791 755 S.
804 694 964 775 Sepulchri
982 695 1094 775 priore,
1110 715 1233 756 necnon
1245 695 1408 757 Willelmo
1420 696 1590 775 patriarcha

282 783 446 855 audivisse,
468 784 584 843 dictum
602 800 790 844 conventum
809 784 841 844 in
858 784 976 844 civitate
993 785 1188 845 Antiocheua
1205 785 1301 845 varias
1318 784 1445 864 injurias
1462 804 1589 864 passum

283 872 386 944 fuisse,
411 874 463 933 sed
481 873 598 953 inipso
622 892 716 950 auno,
741 892 806 953 quo
825 873 1020 934 Antiochiam
1045 874 1166 948 rediret,
1190 874 1302 934 scilicet
1332 896 1340 935 r
1363 874 1411 934 die
1429 874 1589 934 Februarii

283 962 472 1042 praedictum
499 963 622 1022 Petrum
647 982 717 1022 cum
736 960 883 1040 ngrino
907 963 1082 1044 praeposito
1100 978 1128 1023 et
1147 962 1212 1023 aliis
1231 963 1372 1024 fratribus
1389 963 1589 1024 Antiochiam

283 1051 412 1127 venisse,
425 1068 457 1112 ut
468 1049 625 1131 querelam
642 1052 679 1111 de
697 1052 938 1131 hortoquodam
955 1073 972 1111 a
988 1068 1145 1113 conventu
1161 1052 1305 1113 ecclesiae
1322 1052 1352 1113 S.
1365 1052 1451 1114 Pauli
1469 1068 1589 1113 retento

283 1139 463 1221 proferrent.
489 1141 593 1220 ltaque
610 1161 642 1201 se
660 1140 843 1214 Robertum,
866 1142 1006 1201 abbatem
1024 1142 1053 1202 S.
1072 1139 1169 1218 Pauli,
1187 1139 1316 1221 ejusque
1334 1141 1439 1202 fratres
1461 1142 1589 1201 arcessi-

282 1230 370 1306 visse,
382 1231 509 1292 eosdem
521 1249 594 1291 vero
606 1230 728 1306 dixisse,
745 1231 824 1290 hauc
841 1231 1069 1311 possessionem
1083 1231 1286 1307 Bernardum,
1298 1229 1372 1291 olim
1385 1230 1587 1311 patriarcham

282 1319 526 1396 Antiochenam,
539 1338 595 1399 pro
613 1319 856 1380 commutatione
868 1321 982 1380 domus
994 1320 1152 1400 Stephani,
1163 1320 1342 1381 thesaurarii
1355 1321 1385 1380 S.
1398 1318 1496 1394 Pauli,
1508 1320 1588 1380 Boa-

282 1408 403 1469 mundo
420 1407 541 1486 juniore
559 1407 771 1485 confirmante,
790 1409 920 1469 dedisse.
946 1408 992 1469 Re
1008 1424 1112 1469 tamen
1128 1409 1354 1470 accuratissime
1371 1410 1542 1469 examinata
1560 1425 1590 1470 et

282 1496 446 1558 deliberata
458 1497 655 1558 Raimundus
667 1498 793 1559 hortum
810 1497 998 1558 antedictum
1017 1517 1172 1559 consensu
1190 1498 1313 1558 testium
1331 1499 1491 1578 quisunt:
1509 1498 1588 1558 Gre-

280 1587 397 1666 gorius,
410 1587 439 1648 S.
451 1586 565 1647 Mariae
576 1585 719 1647 ecclesiae
731 1603 847 1663 cantor,
858 1587 998 1648 Thomas
1010 1588 1185 1664 subcantor,
1199 1588 1343 1663 Michael,
1354 1587 1436 1648 lilius
1449 1586 1588 1648 Mollem

282 1674 445 1754 (Molkim),
464 1677 631 1751 Abraham,
656 1675 738 1737 lilius
755 1675 860 1753 Sucar,
885 1676 966 1737 dicto
989 1677 1078 1737 Petro
1095 1676 1189 1758 priori
1207 1696 1361 1738 consensu
1379 1677 1483 1738 uxoris
1500 1677 1587 1738 Con-

280 1765 406 1825 stantiae
424 1765 536 1825 addicit
552 1780 581 1825 et
597 1764 699 1843 sigillo
716 1764 886 1826 confirmat.
903 1800 937 1809 —
951 1766 1059 1825 Testes
1076 1782 1130 1828 etc.
1144 1783 1176 1827 ut
1193 1765 1271 1827 infra
1286 1767 1346 1827 No.
1366 1787 1400 1845 ¹9
1407 1788 1421 1846 5
1435 1766 1588 1843 (Roziere,

282 1875 310 1936 p.
329 1857 510 1933 172-178,
529 1856 588 1916 N0.
602 1856 660 1933 893
686 1854 759 1915 Lois
778 1853 835 1933 [ed.
847 1852 1001 1933 Reugnot]
1021 1854 1054 1932 ll,
1072 1875 1102 1936 p.
1118 1876 1300 1936 501—504,
1318 1857 1378 1917 No.
1393 1875 1449 1931 223
1468 1855 1587 1935 Migne,

281 1964 310 2025 p.
335 1946 561 2023 1185-1187,
580 1945 640 2005 Νο.
660 1945 721 2023 89).
1522 1941 1589 2002 194

362 2113 381 2144 ,,
429 2068 526 2148 April.
535 2089 544 2128 r
553 2088 582 2147 9,
594 2068 708 2128 indlll.
721 2067 913 2128 Antiochiae.
925 2102 965 2111 -
975 2068 1199 2145 Raimundusl,
1208 2068 1351 2149 princeps
1360 2067 1587 2145 Antiochenus,

280 2178 436 2219 consensu
453 2157 557 2218 uxoris
568 2156 765 2219 Constantiae
778 2156 919 2217 fratribus
935 2158 965 2218 S.
978 2157 1150 2237 Sepulchri,
1162 2177 1368 2237 quaecunque
1386 2157 1417 2216 in
1432 2157 1586 2219 territorio

280 2265 309 2308 et
326 2247 443 2308 civitate
461 2246 644 2307 Antiochiae
662 2247 866 2326 possederunt
883 2263 911 2307 et
932 2246 1101 2327 possident,
1119 2247 1266 2308 laudaret
1288 2246 1390 2325 sigillo
1413 2245 1586 2323 confirmat,

280 2337 393 2398 scilicet
416 2353 497 2397 extra
521 2338 646 2396 urbem:
672 2336 696 2396 ll
719 2334 856 2395 aedilicia
881 2336 1137 2397 molendinorum
1163 2352 1244 2396 extra
1271 2353 1389 2417 portam
1417 2335 1522 2397 Pontis
1549 2336 1587 2396 ad

280 2426 471 2487 occidentem
489 2425 553 2504 sita,
565 2444 700 2504 quorum
712 2424 854 2505 superius
865 2425 971 2505 lingua
981 2425 1098 2485 arabica
1109 2426 1133 2485 F
1135 2425 1266 2486 uneidec
1281 2428 1300 2501 1)
1310 2441 1446 2505 vocatur,
1459 2424 1587 2485 inferius

280 2531 381 2576 autem
407 2515 545 2576 dirutum
569 2530 622 2592 est,
647 2514 759 2575 deinde
783 2514 904 2574 vineam
927 2535 942 2574 a
966 2514 1114 2575 Brunone
1139 2514 1284 2595 plateario
1308 2514 1382 2575 olim
1401 2534 1586 2595 possessam,

279 2621 346 2665 tum
364 2604 395 2664 iu
412 2606 488 2664 urbe
504 2604 584 2685 ipsa:
606 2604 786 2684 apothecam
804 2620 873 2665 ante
891 2604 999 2664 balnea
1014 2603 1113 2681 sitam,
1130 2623 1210 2684 quae
1230 2604 1347 2664 arabice
1364 2620 1587 2684 nuncupantur

280 2694 393 2771 Omar,
418 2694 551 2755 domum
574 2694 724 2754 desertam
749 2709 818 2754 ante
842 2693 999 2754 ecclesiam
1026 2693 1057 2754 S.
1077 2694 1210 2754 Meunae
1233 2693 1308 2754 olim
1332 2692 1435 2753 Beruti
1462 2693 1585 2772 dictam,

280 2783 369 2843 aliam
394 2783 536 2844 ecclesiae
561 2783 591 2844 S.
616 2782 695 2843 Petri
719 2781 848 2842 vicinam
873 2798 902 2843 et
925 2782 1044 2843 Sericae
1068 2801 1216 2862 vocatam,
1241 2781 1329 2842 aliam
1357 2798 1425 2843 ante
1452 2783 1585 2843 domum

280 2872 399 2933 Sericae
422 2872 496 2934 olim
521 2894 537 2932 a
561 2873 728 2934 Salomone
752 2873 882 2950 Graeco,
913 2872 943 2932 S.
962 2872 1124 2953 Sepulchri
1147 2871 1375 2949 concanonic0,
1401 2892 1585 2952 possessam,

280 2963 393 3023 domos
415 2978 485 3022 ante
508 2961 658 3041 hospitale
683 2977 897 3042 nuncupatum
924 2961 1150 3022 Hebeueboleit
1172 2961 1242 3021 sitas
1258 2983 1274 3021 a
1293 2961 1385 3021 furno
1409 2961 1439 3021 S.
1458 2961 1586 3040 Georgii

280 3050 487 3132 discololperti
504 3070 603 3130 usque
620 3052 657 3110 ad
669 3049 760 3128 viam,
771 3070 851 3131 quae
861 3050 956 3130 vergit
967 3052 1004 3111 ad
1016 3051 1174 3111 ecclesiam
1185 3050 1379 3112 SSCosmae
1390 3067 1419 3111 et
1430 3050 1586 3128 Damiani,

280 3156 434 3221 praeterea
451 3141 593 3216 domum,
611 3160 706 3219 quam
723 3139 917 3214 Osmundus,
942 3139 1110 3201 canonicus
1135 3140 1360 3217 AntiochenuS,
1384 3155 1453 3200 ante
1478 3140 1587 3200 balnea

279 3229 432 3291 Tancredi
449 3229 536 3289 sitam
554 3229 698 3306 donabat,
720 3230 850 3289 domum
870 3229 1046 3290 Gamalielis
1064 3229 1242 3310 presbyteri,
1263 3229 1403 3289 canonici
1428 3230 1456 3289 S.
1474 3229 1586 3309 Sepul-

279 3319 354 3393 chri,
379 3318 522 3380 ecclesiae
547 3318 577 3378 S.
596 3318 749 3379 Leonardi
773 3318 905 3378 vicinam
923 3335 952 3378 et
968 3319 1057 3379 aliam
1075 3317 1234 3395 cujusdam
1256 3318 1322 3378 laici
1340 3318 1497 3379 Benedicti
1515 3334 1586 3379 ante

280 3408 437 3469 ecclesiam
465 3408 495 3468 S.
518 3407 673 3468 Simeonis
699 3406 798 3468 sitam.
827 3441 867 3450 -
894 3408 1068 3483 Gaudiuus,
1096 3408 1299 3468 Mamistauus
1324 3407 1586 3488 archiepiscopus,

279 3499 386 3576 Hugo,
410 3496 606 3574 Gabulensis,
624 3497 799 3577 episcopus,
826 3496 1017 3578 Aymericus,
1036 3497 1171 3557 decanus
1188 3497 1381 3573 Antiochiae,
1406 3497 1587 3558 Willelmus

278 3587 455 3663 Brachetus,
481 3585 664 3663 Aimericus,
684 3586 859 3646 Willelmus
882 3586 1088 3664 Pictaviensis,
1112 3586 1260 3666 capellani
1279 3586 1389 3667 palatii,
1407 3586 1587 3646 Willelmus

278 3677 358 3738 Petri
375 3676 513 3752 clericus,
531 3675 647 3752 Petrus,
659 3675 827 3736 canonicus
837 3675 973 3755 Templi,
985 3675 1189 3751 Godoiridus,
1206 3675 1375 3735 canonicus
1392 3675 1422 3736 S.
1433 3676 1585 3753 Abrahae,

279 3766 386 3846 Drogo
404 3782 432 3826 et
448 3765 641 3839 Goisbertus,
660 3764 771 3825 milites
781 3764 915 3844 Templi,
928 3764 1082 3843 Rogerius
1099 3766 1137 3825 de
1155 3764 1315 3825 Montibus
1330 3765 1585 3843 constabularius,

278 3855 432 3917 Galterius
449 3856 487 3915 de
505 3854 693 3928 Surdavalle,
705 3854 843 3915 Garento
859 3854 896 3914 de
914 3854 1027 3930 Saone,
1045 3855 1142 3915 Fulco
1159 3855 1197 3915 de
1213 3853 1389 3932 Buiguiu,²)
1408 3854 1586 3915 Willelmus

279 3944 449 4017 Fraisnelli,
473 3944 537 4005 Leo
555 3942 742 4023 Majopolus,
766 3944 828 4004 dux
846 3943 1040 4020 Antiochiae,
1061 3943 1230 4004 Gaulridus
1248 3944 1286 4004 de
1303 3943 1462 4021 Guirchia,
1480 3945 1586 4004 Petrus

279 4035 316 4094 de
333 4033 478 4095 Armoini
491 4034 513 4109 ³]
538 4033 729 4106 castellanus,
754 4031 912 4094 Guiterius
929 4034 968 4093 de
986 4033 1161 4110 Moceon,⁴)
1186 4033 1358 4093 Richardus
1374 4035 1413 4094 de
1429 4033 1586 4112 Belmont,

280 4123 444 4196 Robertus,
469 4123 550 4183 lilius
573 4121 725 4198 Gaulridi,
750 4122 891 4200 Paganus
908 4123 945 4182 de
963 4121 1026 4197 Fai,
1050 4121 1218 4184 Garnerius
1239 4124 1277 4183 de
1295 4124 1410 4201 burgo,
1435 4124 1531 4200 Hugo
1548 4124 1586 4183 de

278 4212 409 4288 Boleira,
434 4214 503 4274 Abo
528 4213 565 4273 de
590 4211 735 4287 Rolius,⁵)
766 4212 881 4272 Cheale
905 4212 942 4271 de
967 4211 1163 4289 Mausiaco,⁶l
1195 4211 1324 4273 basilius
1349 4211 1533 4272 camerarius
1558 4228 1588 4272 et

279 4301 443 4379 Oliverius,
469 4302 558 4362 frater
581 4300 656 4378 ejus,
680 4300 815 4362 Garinus
843 4300 1013 4378 Malmu27)
1039 4301 1248 4379 marescalcus,
1276 4301 1479 4379 Godolridus,
1506 4301 1587 4360 lilius

279 4391 470 4466 Raembaldi,
482 4391 664 4469 vicecomes,
676 4390 873 4452 Raimundus
890 4389 1103 4468 marescalcus,
1119 4390 1310 4452 Theodorus
1327 4391 1475 4467 notarius,
1487 4390 1587 4451 Geor-

278 4479 358 4560 gius,
375 4480 518 4559 magister
528 4496 669 4541 secretae.
696 4479 823 4540 Factum
835 4499 919 4541 anno
930 4480 1118 4561 principatus
1129 4497 1255 4560 quarto,
1274 4482 1380 4541 datum
1392 4500 1446 4561 per
1457 4499 1588 4540 manum

354 4639 374 4705 ¹)
394 4635 537 4691 Funeidec
552 4647 595 4690 est
618 4652 726 4690 nomen
749 4635 949 4690 diminutivum
973 4635 1097 4691 nominis
1125 4635 1250 4691 lundaco
1277 4637 1321 4696 tD.
1344 4637 1381 4690 M.
1405 4637 1587 4703 Hartmann).

281 4714 303 4774 ²)
322 4706 450 4777 Roziere,
463 4724 490 4778 p.
506 4721 570 4779 177:
583 4705 688 4763 Boino.
763 4712 786 4773 ³)
805 4707 885 4778 Roz,
899 4725 925 4779 p.
942 4722 1004 4780 177:
1018 4709 1120 4763 Petrus
1134 4707 1273 4762 Armoini.
1347 4712 1371 4775 ⁴)
1390 4708 1469 4774 Roz,
1483 4726 1508 4779 p.
1524 4721 1587 4779 177:

278 4781 375 4834 Mozo.
450 4784 470 4843 ὓ)
489 4779 568 4848 Roz,
581 4797 607 4850 p.
627 4777 690 4849 178:
704 4778 817 4834 Molins.
892 4785 915 4848 ¹¹)
935 4780 1012 4850 Roz,
1026 4798 1052 4851 p.
1071 4781 1134 4851 178:
1148 4778 1239 4833 Chalo
1256 4780 1291 4833 de
1304 4778 1431 4833 Masiaco
1446 4778 1587 4849 (Masiag).

281 4855 303 4919 ⁷)
322 4851 402 4921 Roz,
415 4868 442 4922 p.
461 4849 523 4925 178:
538 4850 669 4906 Malmus.
