3398 5400
676 381 756 455 regni
768 382 1031 456 Hierosolymitani.
1443 412 1452 452 1
1465 412 1500 457 17

196 610 264 672 lum
275 612 401 692 Coquet
410 613 483 674 alias
493 611 620 673 Belvear
630 626 858 692 nuncupatum,
875 610 952 673 illud
969 610 1094 690 scilicet,
1106 613 1192 692 quod
1204 613 1257 674 lvo
1267 613 1362 675 Velos
1372 612 1502 695 ejusque

197 701 432 763 heredesdictae
443 702 707 764 domuiMCCCC
718 701 922 763 bisantiorum
933 700 1501 785 pretiovendiderant,Loberiumque,

197 791 283 871 quod
301 791 508 854 Gormundus
532 793 564 852 M
581 791 719 852 bisantiis
741 791 931 866 vendiderat,
955 790 1102 851 Losserin
1125 806 1155 852 et
1177 793 1274 853 casale
1298 793 1336 854 de
1353 793 1502 855 Cherioa

197 879 326 941 Simone
349 881 514 942 Cheveron
539 881 658 943 MCCC
674 880 811 941 bisantiis
834 880 968 957 vendita,
992 879 1151 941 Hubeleth
1167 901 1184 941 a
1201 881 1354 944 Balduino
1378 882 1502 944 Gazella

197 969 230 1029 M
247 969 387 1031 bisantiis
403 971 564 1031 venditum
582 970 723 1032 concedit
739 985 769 1030 et
785 968 960 1043 confirmat,
978 969 1189 1031 Derilahohau
1200 990 1273 1033 vero
1291 987 1319 1032 et
1335 971 1500 1033 Detisauth

196 1058 339 1120 Galterus
362 1059 428 1140 ipse
452 1060 536 1121 addit
562 1079 632 1120 cum
661 1058 863 1140 pertinentiis.
883 1093 922 1102 —
942 1058 1105 1137 Radulfus,
1129 1058 1295 1141 episcopus
1316 1061 1500 1138 Tiberiadis,

196 1147 302 1229 HugO,
336 1149 502 1210 Caesareae
528 1148 715 1209 Palaestinae
740 1149 900 1226 dominus,
928 1147 1035 1224 Fulco,
1062 1149 1293 1211 comestabulus
1318 1150 1501 1225 Tiberiadis,

195 1236 403 1299 Gormundus
418 1237 611 1320 Tyberiadis,
629 1238 782 1315 Galterus,
803 1237 977 1299 vicecomes
992 1237 1185 1319 Tyberiadis,
1204 1239 1381 1301 Lodovicus
1396 1241 1502 1321 Tybe-

196 1325 297 1403 riadis,
320 1328 505 1389 Laurentius
521 1327 713 1409 Tyberiadis,
739 1327 907 1388 Anselmus
929 1325 1122 1408 Tyberiadis,
1147 1327 1299 1389 confrater
1322 1330 1501 1411 Hospitalis,

195 1416 337 1495 Paganus
352 1417 547 1499 Tyberiadis,
568 1417 720 1478 confrater
742 1415 921 1497 Hospitalis,
946 1415 1098 1477 Arnulfus
1122 1417 1160 1477 de
1183 1418 1303 1498 Raznn,
1329 1418 1500 1500 Philippus,

197 1504 286 1565 frater
303 1505 428 1586 praefati
444 1506 606 1584 Ludovici,
631 1505 780 1567 domiuus
796 1506 954 1567 lohannes
972 1506 1009 1566 de
1026 1510 1137 1581 Azoto,
1160 1506 1331 1568 Gaufridus
1348 1509 1386 1570 de
1403 1507 1501 1583 Qual-

195 1593 336 1674 quelia,2)
346 1596 505 1656 lohannes
515 1597 619 1672 Costa,
631 1595 785 1657 Robertns
796 1596 833 1656 de
844 1595 986 1676 Neapoli,
997 1594 1213 1673 Theobaldus,
1225 1595 1316 1658 frater
1325 1596 1402 1675 ejus,
1414 1598 1501 1658 Han-

195 1683 308 1760 fredus,
335 1685 433 1745 homo
458 1684 637 1767 Hospitalis,
662 1685 850 1767 Wyllelmus
875 1684 1024 1759 medicus,
1049 1683 1207 1746 Gerardus
1230 1686 1338 1747 scriba.
1373 1687 1500 1748 Factum

196 1773 352 1834 Amalrico
361 1774 371 1834 l
380 1774 625 1854 rege,Amalrico
634 1773 904 1855 patriarchalPaoli
913 1774 934 1851 l,
942 1775 1241 1855 p.47-48,No.46;
1251 1775 1289 1837 cf.
1297 1776 1419 1857 p.499).
1432 1773 1502 1835 448

269 1878 291 1942 ²)
310 1873 387 1930 Alias
402 1873 533 1930 Calcalia.

242 1984 332 2044 1168
350 1984 483 2065 Maj.18,
500 1985 563 2047 ind.
576 1985 596 2047 l.
616 1991 732 2047 Accon.
743 1985 971 2048 -Amalricus
988 1985 1009 2060 l,
1027 2005 1078 2047 rex
1089 1986 1404 2068 Hierosolymitanus,
1415 2007 1502 2049 com-

195 2074 284 2136 muni
309 2075 492 2137 Pisanorum
516 2094 574 2157 pro
597 2077 683 2136 bono
702 2075 836 2152 servitio,
854 2077 940 2156 quod
958 2075 990 2137 in
1008 2076 1172 2138 obsidione
1189 2075 1393 2137 Alexandriae
1408 2078 1427 2154 ¹)
1444 2076 1502 2137 sibi

194 2164 413 2243 exhibuerunt,
431 2166 544 2246 petiam
563 2181 657 2226 terrae
674 2163 756 2243 juxta
774 2165 934 2226 ecclesiam
951 2165 981 2227 S.
993 2171 1104 2226 Annae
1120 2185 1213 2247 supra
1230 2181 1356 2247 portum
1367 2167 1501 2227 Acconis

194 2253 294 2332 sitam,
306 2273 386 2334 quae
403 2256 496 2316 habet
511 2255 544 2315 in
559 2255 757 2335 longitudine
772 2273 862 2315 secus
872 2254 952 2315 viam
963 2254 1034 2316 XVl
1045 2274 1169 2335 cannas,
1180 2254 1386 2318 inlatitudine
1397 2272 1500 2317 autem

194 2362 301 2404 versus
318 2358 444 2425 portum
462 2344 532 2425 plus
550 2364 612 2405 una
629 2364 726 2405 canna
743 2363 838 2424 quam
855 2343 991 2425 reliquae
1008 2359 1117 2424 portus
1141 2346 1265 2423 domus,
1292 2360 1325 2406 ut
1341 2345 1501 2406 ecclesiam

193 2431 366 2511 aedificent,
378 2435 473 2495 donat
484 2448 514 2494 et
524 2433 640 2494 curiam
652 2448 758 2495 contra
775 2452 885 2494 omnes
902 2433 1057 2511 homines,
1069 2452 1140 2513 rege
1157 2450 1295 2516 except0,
1313 2436 1396 2495 etad
1414 2432 1500 2511 justi-

194 2521 334 2584 ficandos
351 2542 460 2584 omnes
471 2523 599 2584 Pisanos
616 2538 735 2603 praeter
750 2523 829 2600 illos,
841 2523 895 2603 qui
913 2523 1058 2583 homines
1075 2523 1155 2602 regis
1170 2538 1245 2584 sunt
1260 2543 1294 2584 ac
1311 2525 1500 2602 mansiones,

193 2610 331 2673 redditus
354 2628 383 2672 et
407 2613 617 2693 possessiones
640 2610 763 2673 stabiles
786 2613 901 2673 habent
924 2613 956 2673 in
979 2631 1087 2692 regn0,
1111 2627 1142 2673 et
1164 2613 1296 2694 exceptis
1320 2613 1500 2689 homicidi0,

194 2701 424 2779 mortidatione,
436 2701 610 2780 traditione,
623 2702 715 2774 furto,
733 2718 821 2782 raptu
838 2716 866 2761 et
883 2701 995 2762 talibus
1005 2700 1277 2781 forisfactionibus,
1289 2718 1414 2784 propter
1424 2722 1501 2783 quas

193 2789 308 2868 justitia
332 2791 495 2851 hominem
518 2791 555 2852 ad
580 2791 862 2852 demembrandum
884 2790 947 2851 sive
972 2791 1216 2852 interimendum
1239 2791 1403 2871 abjudicet,
1421 2811 1500 2872 quae

193 2879 299 2940 omnia
316 2881 354 2941 ad
371 2880 452 2959 regis
468 2896 588 2941 tantum
606 2878 854 2958 justificationem
879 2879 1042 2960 pertinent,
1067 2881 1208 2942 concedit
1224 2896 1253 2941 et
1268 2881 1370 2962 sigillo
1387 2881 1501 2942 conlir-

194 2984 265 3029 mat.
287 3003 323 3012 -
344 2969 534 3046 Fredericus,
551 2969 801 3051 archiepiscopus
811 2970 896 3050 Tyri,
914 2969 1112 3047 Gnillelmus,
1124 2969 1289 3051 episcopus
1299 2971 1499 3045 Acconensis,

193 3059 391 3137 Bertrandus,
415 3059 551 3140 Templi,
575 3058 743 3136 Gilbertns,
767 3058 945 3140 Hospitalis,
968 3060 1115 3138 magistri,
1141 3060 1261 3121 fratres:
1284 3059 1446 3141 Philippus
1463 3061 1500 3120 de

195 3147 338 3229 Neapoli,
350 3147 520 3209 Gaufridus
537 3147 707 3222 Fulcherii3
726 3147 889 3225 Galterins,
902 3148 1045 3230 princeps
1055 3147 1220 3226 Galilaeae,
1232 3148 1414 3210 Hemfridus
1425 3168 1500 3209 con-

193 3236 389 3315 stabularius,
407 3238 503 3317 Hugo
519 3238 558 3298 de
575 3238 733 3315 Caesarea,
751 3237 829 3298 Milo
846 3236 1079 3319 dapifer,Hugo
1094 3239 1132 3298 de
1149 3237 1318 3315 Hibellin0,
1329 3239 1501 3299 Balduinus

194 3341 223 3386 et
233 3326 408 3405 Barisanus,
422 3327 526 3388 fratres
537 3325 613 3405 ejus,
625 3326 834 3389 Gormundus
844 3327 883 3388 de
892 3327 1077 3408 Tyberiade,
1089 3326 1277 3390 Gnillelmus
1287 3326 1499 3388 marescalcus.

194 3415 311 3476 Datum
328 3435 382 3497 per
399 3436 529 3477 manum
546 3415 681 3494 Radulfi,
705 3415 842 3497 episcopi
865 3417 1083 3478 Bethlemitani
1099 3417 1242 3497 regisque
1259 3417 1440 3478 cancellarii.
1458 3451 1501 3459 -

192 3505 392 3566 Bonacursus
413 3520 469 3566 etc.
494 3504 542 3583 (G.
561 3504 685 3580 Mtlller,
703 3525 732 3586 p.
758 3526 804 3585 14,
829 3507 889 3566 No.
914 3527 943 3565 11
969 3503 1016 3584 [ci.
1034 3526 1063 3587 p.
1084 3504 1285 3587 385-395];
1311 3505 1370 3567 Dal
1386 3508 1500 3584 Borgo.

193 3615 224 3675 p.
235 3614 253 3673 9
264 3615 365 3673 1—92
376 3614 383 3669 ;
395 3595 433 3655 cf.
443 3595 591 3656 Archives
600 3595 629 3656 d.
639 3595 723 3656 miss.
732 3594 872 3672 scientis,
882 3595 901 3655 l.
910 3614 935 3655 c.
946 3614 975 3676 p.
987 3596 1059 3675 360,
1071 3597 1132 3676 367
1143 3615 1150 3671 ;
1163 3596 1254 3677 Heyd
1264 3597 1285 3675 l,
1294 3615 1323 3676 p.
1336 3595 1418 3674 396).
1430 3592 1501 3652 449

270 3708 289 3773 ¹)
311 3705 353 3758 De
367 3703 520 3760 obsidione
531 3703 719 3759 Alexandriae
733 3703 769 3758 cf.
783 3703 929 3773 Rbhricht,
943 3703 1087 3759 Amalrich
1100 3704 1120 3774 l,
1133 3722 1160 3776 p.
1171 3722 1321 3777 453-454,
1331 3722 1391 3775 470.
1412 3702 1500 3758 Privi-

193 3774 275 3846 legia,
293 3792 368 3847 quae
388 3775 572 3831 Amalricusl
592 3775 702 3831 Pisanis
723 3793 799 3831 anno
826 3776 889 3847 1165
911 3789 938 3830 et
958 3775 1145 3847 sequentibus
1165 3775 1355 3845 confirmavit,
1375 3774 1501 3847 praemia

194 3846 310 3902 fuerunt
330 3847 522 3916 servitiorum,
543 3865 617 3919 quae
637 3846 724 3902 iidem
747 3846 807 3919 regi
830 3845 1023 3917 contulerunt,
1045 3850 1125 3919 quod
1148 3847 1292 3920 privilegia
1315 3846 1501 3902 lanuensium

194 3917 376 3973 inimicorum
389 3917 594 3974 annihilaverat
614 3918 774 3986 (Rbhricht,
787 3917 932 3973 Amalrich
945 3919 965 3987 l,
982 3936 1009 3991 p.
1022 3935 1092 3992 4533
1112 3918 1148 3974 cf.
1162 3920 1285 3990 Langer,
1298 3917 1382 3973 Polit.
1397 3918 1500 3974 Gesch.

195 3991 311 4045 Genuas
327 3991 386 4045 und
399 3989 478 4045 Pisas
492 3990 530 4046 im
545 3991 603 4045 Xll.
617 3989 722 4060 Jahrh,
736 3989 852 4062 Leipzig
869 3989 944 4060 1882,
956 4007 984 4062 p.
1003 4009 1010 4045 t
1016 4009 1099 4063 53—t
1105 4009 1119 4061 5
1124 3993 1160 4064 5).

276 4159 295 4189 „
342 4117 423 4192 Aug.
436 4134 466 4192 9,
484 4113 548 4175 ind.
560 4113 581 4174 l.
599 4113 836 4196 Hierosolymis.
847 4113 1108 4190 -Amalricusl,
1124 4133 1176 4174 rex
1187 4113 1500 4195 Hierosolymitanus,

194 4202 394 4264 concordiam
419 4203 498 4263 inter
521 4202 681 4264 ecclesiam
705 4205 739 4265 B.
758 4202 873 4264 Mariae
896 4201 981 4263 vallis
1000 4204 1144 4284 losaphat
1160 4219 1189 4263 et
1205 4202 1404 4280 Balduinum,
1420 4202 1501 4263 vice-

194 4291 339 4352 comitem
353 4291 605 4373 Neapolitanum,
617 4294 655 4353 de
666 4292 755 4353 casali
764 4293 922 4370 Casarcos,
933 4292 1019 4372 quod
1030 4292 1212 4369 Milisendis,
1223 4294 1324 4353 bonae
1333 4291 1501 4352 memoriae

194 4380 310 4460 regina,
328 4381 431 4442 eidem
447 4381 591 4443 ecclesiae
608 4383 734 4443 dederat
750 4402 821 4442 cum
839 4399 927 4461 terra,
945 4400 1025 4461 quae
1042 4382 1199 4443 descendit
1216 4381 1370 4462 usquead
1387 4400 1501 4461 aquam

194 4471 232 4530 de
250 4470 361 4548 Cavea,
379 4486 408 4530 et
423 4469 491 4531 aliis
507 4470 709 4552 pertinentiis,
731 4471 833 4550 sigillo
858 4472 914 4532 hac
937 4471 1117 4533 conditione
1141 4470 1249 4531 factam
1273 4469 1444 4543 confirmat,
1467 4485 1502 4532 ut

193 4558 367 4621 Balduinus
391 4559 509 4621 dictum
532 4560 629 4621 casale
654 4560 817 4641 possideat,
841 4561 895 4622 sed
919 4560 1016 4622 dictae
1040 4559 1183 4621 ecclesiae
1209 4560 1371 4621 annuatim
1388 4559 1501 4620 LXXX

194 4648 343 4711 bisantios
359 4650 465 4711 solvat.
482 4682 527 4692 -
543 4649 708 4725 Galterins,
720 4650 863 4732 princeps
874 4649 1039 4728 Galilaeae,
1050 4649 1233 4711 Hemfridus
1243 4648 1499 4724 constabularius,

194 4738 387 4818 Hemfridus,
409 4737 492 4800 filius
509 4738 585 4819 ejus,
609 4739 817 4802 Gormundus
840 4741 878 4801 de
901 4739 1087 4821 Tyberiade,
1110 4738 1276 4801 Reinerius
1299 4740 1337 4801 de
1360 4739 1501 4819 Neapoli,

194 4827 349 4889 Radulius
365 4829 403 4890 de
420 4829 532 4907 Girvis,
558 4829 724 4891 Rohardus
741 4831 779 4891 de
795 4829 905 4910 Joppe,
929 4828 1099 4891 Gaufridus
1115 4828 1154 4889 de
1170 4829 1263 4907 Turs,
1286 4829 1442 4891 Robertus
1462 4829 1500 4889 de

194 4916 335 4996 Pinkeni,
354 4917 497 4998 magister
513 4919 689 4999 Stephanus
706 4919 744 4980 de
760 4918 903 5000 Neapoli,
924 4918 1081 4981 Gilbertus
1098 4917 1229 4996 Nucius,
1246 4917 1353 4979 Guido
1369 4917 1499 4980 Nucius.
