3398 5400
606 359 685 434 regni
698 360 959 436 Hierosolymitani.
1373 388 1433 452 323

132 580 308 642 desererent
323 596 353 644 et
368 583 406 644 ad
422 583 528 644 locum
544 582 639 644 alium
656 584 863 662 transferrent,
888 584 994 645 omnia
1015 584 1181 665 privilegia,
1197 604 1277 665 quae
1295 603 1436 664 unquam

131 685 325 753 acceperunt,
343 670 506 733 confirmat
521 671 717 751 (Delaborde,
734 693 764 754 p.
783 693 945 753 99—100,
964 674 1022 736 No.
1039 675 1102 754 48).
1345 671 1436 733 1223

180 781 270 845 1255
286 786 352 847 Jan.
372 807 422 868 30,
446 787 511 849 ind.
528 788 605 849 XIII.
630 788 771 869 Neapoli.
788 821 832 832 —
848 787 1023 850 Alexander
1039 789 1079 850 IV
1103 789 1247 851 ecclesiae
1270 791 1304 850 B.
1322 790 1436 850 Mariae

132 873 171 935 de
188 875 264 935 valle
279 877 426 957 Josaphat
441 876 600 959 privilegia
616 878 889 958 praedecessorum
905 898 1037 940 suorum
1054 877 1217 940 confirmat
1240 878 1435 957 (Delaborde,

131 982 161 1044 p.
186 984 295 1026 roo—
310 985 378 1045 105,
402 967 462 1028 Nu.
479 967 543 1045 49).
560 961 569 1050 Η
590 966 788 1046 Privilegium
812 967 874 1028 fere
897 968 1006 1028 eadem
1029 968 1147 1048 repetit,
1172 987 1251 1048 quae
1274 967 1436 1050 privilegio

131 1072 225 1134 supra
241 1052 312 1130 (No.
332 1056 403 1134 290)
421 1070 529 1116 notato
545 1075 690 1117 concessa
708 1055 843 1117 fuerunt.
1345 1054 1436 1117 1224

213 1205 232 1236 ,,
279 1162 368 1223 Mart.
386 1182 416 1242 4.
449 1161 590 1243 Neapoli.
608 1161 844 1224 -Alexauder
859 1163 899 1225 IV
923 1163 1092 1224 conventui
1114 1163 1149 1224 B.
1168 1163 1282 1225 Mariae
1305 1163 1342 1224 de
1358 1163 1436 1225 valle

130 1248 276 1330 Josaphat
306 1250 477 1331 coufirmat,
510 1251 687 1333 diplomata,
719 1271 799 1332 quae
823 1271 881 1334 pro
907 1251 1109 1332 originalibus
1134 1272 1151 1312 a
1176 1252 1335 1313 Saracenis
1360 1253 1435 1314 olim

131 1338 292 1401 destructis
307 1342 345 1401 ab
362 1341 431 1422 ipso
448 1341 588 1402 renovari
608 1341 787 1422 petiverant,
803 1341 933 1422 plenum
949 1359 978 1403 et
994 1341 1131 1402 eundem
1147 1362 1181 1402 ac
1197 1341 1365 1423 diplomata
1382 1343 1436 1403 de-

131 1426 249 1508 perdita
265 1429 401 1491 valorem
417 1430 556 1492 habitura
574 1451 639 1492 esse
656 1429 851 1508 (Delaborde,
869 1451 899 1512 p.
923 1433 1104 1512 105—106,
1122 1431 1182 1492 Νο.
1203 1431 1263 1510 50).
1346 1429 1436 1491 1225

212 1579 231 1612 ‚‚
279 1538 367 1599 Mart.
391 1557 436 1599 ro.
471 1542 577 1600 Accou
594 1538 627 1599 in
643 1539 756 1620 palatio
776 1537 1000 1619 archiepiscopi
1016 1537 1175 1619 Tyrensis.
1192 1571 1236 1580 —-
1252 1536 1435 1618 Aelgidius),

130 1624 381 1709 archiepiscopus
396 1626 555 1708 Tyrensis,
578 1647 684 1690 coram
707 1627 886 1705 B(ernardo)
903 1642 1037 1705 cantore,
1054 1627 1168 1687 vicario
1184 1626 1321 1708 episcopi
1336 1631 1435 1688 Acco-

132 1713 245 1793 nensis,
253 1715 273 1792 ¹)
297 1715 429 1778 Girardo
452 1718 604 1778 canonico
620 1732 649 1778 et
665 1717 811 1796 magistro
834 1717 925 1777 Petro
951 1717 1099 1778 advocato
1116 1717 1362 1797 Accouensibus,
1380 1716 1434 1796 qui

131 1801 331 1882 Signoretum
354 1805 503 1868 clericum
526 1805 654 1887 ejusque
676 1821 767 1868 testes
784 1806 958 1884 Marchum,
983 1805 1129 1867 clericum
1146 1806 1184 1866 de
1200 1805 1341 1884 Clavaro,
1366 1805 1435 1866 Bal-

131 1891 266 1954 duInum
276 1894 471 1972 Bancarium,
483 1896 697 1957 Marchionem
710 1895 877 1976 Marqueis,
889 1895 1043 1957 decanum
1053 1895 1246 1976 Tyberiadis,
1257 1894 1434 1955 Renaldum

130 1980 341 2045 etGerardum
352 1983 508 2045 carnifices
518 2000 710 2063 accusarunt,
720 1984 832 2046 litteras
843 1984 1229 2064 provisionisaSignereto
1240 1984 1435 2045 thesaurariis

129 2072 366 2135 Acconensibus
382 2089 588 2155 praesentatas
605 2075 757 2136 examinat
773 2090 812 2151 et,
830 2088 996 2155 postquam
1012 2094 1063 2135 eas
1079 2073 1212 2154 inspexit
1227 2092 1300 2134 cum
1311 2073 1434 2149 (loscel-

129 2159 1433 2246 lino),Caesariensi,etlHenrico),Nazaren0,archiepiscopis,[Amaldo?),Lyddeusi

130 2249 288 2332 episcopo,
311 2252 437 2334 Templi
461 2252 600 2331 Domini,
625 2253 742 2315 Montis
757 2252 887 2315 Thabor
909 2268 939 2314 et
961 2253 1064 2314 Sancti
1088 2252 1241 2314 Samuelis
1263 2253 1432 2328 abbatibus,

129 2337 262 2420 Tyreusi
271 2356 300 2402 et
310 2341 468 2422 Lyddeusi
478 2342 712 2422 archidiaconis,
722 2343 868 2421 magistro
879 2342 997 2404 ordinis
1008 2343 1180 2419 Minornm,
1192 2341 1293 2423 priore
1306 2341 1433 2402 fratrum

130 2427 377 2492 Praedicatorum
409 2432 650 2512 Acconensium,
676 2432 802 2514 Templi
827 2448 856 2493 et
881 2431 1051 2514 Hospitalis
1083 2431 1283 2509 marescalcis,
1315 2430 1434 2491 dictum

129 2515 330 2598 Signotetum
346 2519 516 2582 litteramm
527 2521 672 2583 falsarum
689 2537 848 2583 auctorem
865 2521 1044 2582 incarcerari
1060 2519 1163 2601 sigillo
1179 2521 1320 2602 apposito
1337 2518 1432 2598 jubet,

126 2604 228 2669 donec
243 2627 322 2691 papa
338 2629 404 2671 rem
420 2609 633 2689 dijudicaverit
649 2609 751 2690 (Paris,
769 2610 847 2672 Bibl.
859 2610 976 2672 nation.
988 2629 1071 2671 man.
1083 2610 1145 2690 lat.,
1157 2629 1187 2692 p.
1200 2630 1295 2689 9071,
1305 2610 1366 2670 Nu.
1381 2629 1432 2685 ¹23

126 2694 264 2776 sigillum
280 2698 385 2778 deest).
1342 2695 1432 2758 1226

201 2802 221 2866 ¹)
240 2800 312 2855 Post
326 2813 451 2857 mortem
465 2799 580 2857 Galterii
593 2802 615 2855 II
629 2801 721 2876 (1253)
735 2800 895 2857 Florentius
909 2801 974 2871 (Iul.
987 2802 1065 2874 1256)
1077 2801 1227 2856 Acconem
1240 2800 1376 2872 appulsus
1390 2812 1433 2855 est

125 2868 276 2937 (Rb'hrIcht
288 2870 317 2927 ln
329 2874 440 2928 ZDPV.
455 2873 489 2943 X,
502 2891 529 2944 p.
544 2875 606 2942 21),
625 2872 701 2928 vices
715 2886 799 2928 antea
813 2885 941 2944 gesserat
954 2873 1049 2927 Adam
1063 2871 1109 2942 (cf.
1124 2890 1210 2946 supra
1224 2873 1279 2927 No.
1298 2875 1384 2939 1212).

208 3020 226 3052 „
274 2978 422 3057 Martio,
439 2977 504 3039 ind.
517 2977 593 3038 XIII.
611 2981 718 3040 Accon
735 2977 767 3038 in
784 2977 910 3038 ecclesia
928 2977 957 3039 S.
968 2976 1087 3039 Crucis.
1098 3011 1142 3021 —
1157 2977 1316 3039 Iohannes
1327 2977 1431 3055 Costa,

126 3063 215 3125 miles
225 3067 426 3146 Acconensis,
444 3082 473 3128 et
490 3086 568 3128 uxor
578 3065 644 3145 ejus
653 3068 729 3149 Joya
740 3067 894 3148 Hospitali
912 3086 966 3148 pet
982 3085 1112 3127 manum
1121 3065 1273 3128 Iohannis
1289 3066 1327 3127 de
1345 3066 1432 3128 Ceri-

125 3153 217 3232 serio,
235 3152 373 3232 ejusdem
391 3157 565 3238 recepturis,
588 3172 699 3218 terram
715 3176 803 3218 suam
821 3157 918 3218 muris
935 3156 1070 3217 Acconis
1086 3156 1219 3217 vicinam
1236 3154 1365 3234 donant,
1382 3156 1432 3217 cui

126 3241 244 3322 adjacet
259 3246 297 3306 ab
314 3244 432 3307 oriente
448 3260 526 3307 terra
543 3245 640 3327 ipsius
651 3247 775 3325 domus,
787 3265 867 3326 quae
885 3244 942 3306 fuit
951 3245 1103 3309 Iohannis
1119 3246 1253 3324 Marran,
1271 3266 1287 3305 a
1304 3245 1432 3306 meridie

125 3345 205 3393 terra
230 3333 345 3395 domus
369 3334 505 3417 Templi,
531 3338 568 3396 ab
595 3335 754 3397 occidente
779 3351 858 3396 terra
884 3335 1005 3396 comitis
1030 3335 1156 3414 Januae,
1182 3355 1199 3395 a
1222 3335 1433 3415 septentrione

126 3441 240 3500 magna
255 3422 314 3503 via,
331 3443 393 3505 qua
409 3425 471 3486 itur
486 3424 671 3506 Saphettum
687 3440 716 3485 et
739 3425 769 3486 S.
785 3424 969 3504 Georgium.
996 3457 1040 3467 —
1064 3424 1253 3487 Guillelmus
1277 3424 1432 3504 Tyrellus,

126 3511 383 3574 Bartholomaeus
399 3514 518 3595 Lupus,
537 3517 694 3597 presbyter
710 3515 817 3594 Hugo,
841 3514 1026 3593 Peregrinus
1042 3514 1263 3592 subdiaconus,
1281 3513 1434 3575 Martinus

125 3614 155 3661 et
171 3600 386 3683 Pasqualinus,
404 3603 504 3664 clerici
520 3603 666 3684 thesaurI‚
677 3605 809 3666 Iacobus
826 3604 978 3665 diaconus
994 3603 1152 3681 (Delaville
1163 3604 1191 3666 le
1201 3601 1316 3681 Roulx,
1327 3622 1358 3684 p.
1374 3604 1434 3682 184

124 3691 245 3771 -185,
263 3691 323 3753 No.
343 3694 400 3769 813
426 3692 463 3753 cf.
481 3712 510 3774 p.
529 3693 589 3772 25).
1342 3688 1431 3751 1227

208 3848 228 3881 ,,
275 3806 425 3886 Martio,
443 3805 508 3868 ind.
525 3805 603 3867 XIII.
621 3811 729 3868 Accon
746 3806 777 3867 in
794 3806 922 3868 ecclesia
938 3807 968 3868 S.
979 3807 1097 3868 Crucis.
1114 3839 1158 3851 -
1175 3807 1283 3869 Guido
1299 3821 1328 3867 et
1338 3805 1433 3868 Nico-

124 3894 193 3956 laus
217 3894 256 3955 de
281 3893 403 3977 Ronay,
430 3895 542 3957 milites
567 3900 776 3975 Acconeuses‚
802 3896 854 3957 filii
881 3897 1044 3977 quondam
1067 3895 1224 3959 Guidonis
1247 3895 1286 3958 de
1311 3896 1433 3977 Ronay,

125 4002 282 4046 consensu
299 3984 428 4064 Agnetis
452 3984 556 4046 matris
575 3984 729 4066 Hospitali
745 4004 801 4066 per
816 4004 946 4047 manum
963 3986 1114 4047 Iohannis
1130 3986 1168 4047 de
1186 3985 1299 4047 Cerisis
1316 3985 1434 4046 donant

125 4071 238 4135 domos
254 4087 284 4136 et
299 4073 413 4156 petiam
430 4089 526 4136 terrae
542 4091 624 4137 extra
640 4093 748 4136 muros
760 4075 893 4137 Acconis
909 4093 1007 4157 prope
1021 4075 1140 4137 flumen
1152 4075 1315 4136 Mortuum
1332 4073 1431 4154 sitam,

124 4182 206 4243 quae
222 4178 329 4243 terrae,
346 4182 441 4243 quam
459 4163 565 4226 Guido
582 4179 612 4225 et
628 4163 775 4226 Nicolaus
792 4165 829 4225 de
848 4165 960 4246 Rouay
976 4185 992 4226 a
1009 4165 1106 4226 domo
1123 4164 1154 4226 S.
1166 4163 1299 4246 Spiritus
1315 4176 1432 4242 tenent,

124 4266 155 4313 et
171 4250 311 4331 ejusdem
327 4252 442 4315 domus
458 4252 555 4314 hortis
572 4252 732 4334 fluvioque
751 4255 879 4315 Mortuo
896 4251 1192 4332 adjacet-Frater
1202 4253 1332 4332 Alanus,
1349 4252 1435 4334 prior

126 4341 157 4403 S.
174 4341 329 4420 Thomas,
353 4342 503 4422 Ubaldus,
526 4340 744 4424 jurisperitus,
769 4345 937 4424 presbyter,
960 4343 1118 4406 Iohannes
1134 4343 1173 4404 de
1190 4342 1219 4405 S.
1239 4348 1332 4404 Anna
1348 4361 1433 4424 pres-

124 4432 222 4512 byter,
245 4431 403 4493 Johanues
426 4431 588 4494 Rossellus
611 4432 649 4493 de
673 4432 798 4512 Catena,
821 4432 1024 4494 Lamfrancus
1041 4433 1079 4494 de
1096 4432 1279 4512 Plazalonga
1295 4430 1434 4493 notarius

125 4519 286 4597 (Delaville
302 4521 330 4583 le
346 4520 460 4600 Roulx,
478 4542 508 4603 p.
532 4522 601 4600 186,
619 4522 679 4583 No.
699 4524 756 4603 83;
782 4521 820 4583 cf.
837 4541 867 4604 p.
887 4522 949 4602 25).
1344 4519 1434 4580 1228

208 4682 227 4715 ,,
274 4638 363 4699 Mart.
374 4636 495 4720 Tripoli
507 4637 540 4698 in
548 4637 661 4719 palatio
671 4636 1015 4719 principisAntiocheni
1024 4636 1435 4718 (gallice).—BoemundVl,

126 4725 272 4808 princeps
287 4727 504 4789 Antiochenus
520 4741 550 4789 et
565 4746 670 4789 comes
686 4726 910 4808 Tripolitanos,
935 4746 1042 4789 amore
1061 4726 1223 4790 Guillelmi
1244 4727 1283 4788 de
1300 4726 1434 4789 Castello

125 4834 212 4878 novo
228 4814 365 4896 magistri
381 4835 437 4898 per
452 4836 583 4879 manum
593 4816 740 4896 Hugonis
757 4815 869 4896 (Huge)
886 4816 926 4877 de
942 4815 1048 4896 Revel,
1058 4816 1322 4878 commendatoris
1333 4822 1433 4877 Acco-

126 4903 243 4985 uensis,
268 4904 424 4989 Hospitali
449 4907 545 4968 donat
569 4921 599 4969 et
623 4905 726 4986 sigillo
750 4905 914 4969 confirmat
939 4907 1098 4986 quendam
1122 4925 1221 4989 aquae
1244 4905 1382 4967 canalem
1405 4919 1435 4967 et

1218 5024 1272 5081 21·
