3398 5400
273 364 331 451 164
830 356 1005 435 Regesta

1329 450 1570 464 A—d-——n

266 586 378 647 abhinc
396 605 495 666 usque
511 585 550 646 ad
566 584 733 646 divisiones
749 584 895 646 Daidoni.
913 618 956 628 —
974 585 1136 663 Monacus,
1160 582 1410 667 archiepiscopus
1432 582 1573 646 Caesari-

267 675 359 753 ensis,
383 674 500 753 Guid0,
523 675 638 755 Joppes
661 690 690 735 et
712 672 875 735 Ascalonis
897 692 1012 752 comes,
1035 671 1217 750 loscelinus,
1242 674 1345 753 regius
1367 672 1571 750 senescalcus,

267 764 438 825 Balduinus
448 765 486 825 de
497 762 643 843 Ybeliuo,
653 763 808 841 Balianus,
820 762 911 824 frater
921 760 997 842 ejus,
1007 762 1190 841 Aimericus,
1201 762 1304 841 regius
1315 761 1571 835 constabularius,

267 855 373 915 Petrus
390 854 495 931 Costa,
512 853 653 921 Carolus.
678 851 833 914 Gazellus.
859 854 974 914 Datum
998 871 1053 932 per
1075 870 1205 913 manum
1229 851 1400 928 Guillclmn
1422 851 1573 933 Tyrensis

267 942 491 1024 archiepiscopi
507 959 536 1003 et
552 942 632 1022 regis
648 940 819 1003 cancellarii
837 940 932 1016 (Pauli
949 941 970 1020 l,
988 961 1018 1023 p.
1037 962 1089 1021 7¹,
1106 942 1167 1003 No.
1186 957 1245 1014 71;
1266 941 1304 1002 cf.
1321 961 1351 1022 p.
1372 942 1454 1021 507).
1501 938 1572 998 618

315 1047 416 1125 1182,
439 1049 503 1113 ind.
520 1048 586 1110 XV.
603 1082 647 1092 -
663 1048 827 1128 Galterius,
846 1048 994 1110 dominus
1013 1049 1180 1111 Caesareae
1204 1047 1401 1126 Palaestinae,
1426 1046 1573 1128 Hugonis

267 1138 407 1218 ejusdem
423 1139 544 1199 domini
561 1140 661 1200 bonae
679 1138 846 1199 memoriae
857 1136 950 1218 filius,
961 1157 1117 1200 consensu
1127 1137 1271 1199 Balduini
1281 1137 1322 1199 lV
1333 1136 1422 1217 regis,
1433 1136 1573 1199 Juliauae

267 1228 382 1290 sororis
407 1248 479 1289 suae
506 1227 636 1308 ejusque
662 1227 762 1288 mariti
788 1226 945 1290 Guidonis
970 1228 1008 1289 de
1035 1227 1161 1289 beritho
1184 1227 1336 1307 Hospitali
1363 1246 1417 1307 per
1443 1245 1573 1287 manum

269 1317 393 1397 Rogerii
425 1317 561 1396 magistri
593 1317 704 1378 baculo
735 1317 846 1378 tradito
878 1317 905 1379 V
936 1316 1071 1378 millium
1101 1316 1306 1377 bisantiorum
1337 1315 1436 1398 pretio
1467 1314 1574 1376 vendit

269 1407 365 1468 casale
382 1406 415 1467 in
430 1406 584 1468 territorio
601 1405 792 1467 Caesariensi
808 1406 902 1467 situm
920 1422 949 1466 et
959 1406 1055 1485 vulgo
1065 1405 1201 1467 Galilaea
1211 1405 1330 1467 dictum
1340 1424 1413 1467 cum
1424 1405 1573 1465 omnibus

267 1495 459 1578 pertiuentiis
476 1495 523 1556 his
539 1495 678 1556 terminis
694 1494 954 1571 circumclusum3
982 1495 1164 1556 terminatur
1180 1494 1293 1556 scilicet
1310 1497 1347 1555 ab
1364 1494 1483 1555 oriente
1499 1513 1573 1576 per-

266 1585 404 1646 tinentiis
427 1584 551 1647 Castelli
574 1604 732 1661 arearum,
756 1585 794 1645 ab
817 1583 977 1646 occidente
1001 1601 1079 1645 terra
1102 1583 1264 1661 Daidonis,
1288 1604 1305 1645 a
1328 1583 1457 1645 meridie
1483 1583 1573 1645 casali

267 1674 388 1735 domini
406 1672 551 1735 Amalrici
574 1694 644 1735 cum
664 1673 781 1735 Arouia
798 1688 827 1734 et
843 1673 1036 1755 pertinentiis
1052 1674 1198 1755 Cossyae,
1223 1694 1239 1734 a
1255 1672 1466 1755 septentrione
1483 1672 1573 1733 casali

268 1763 393 1843 Templi
405 1763 533 1824 Domini
551 1779 579 1824 et
596 1763 685 1824 casali
702 1763 732 1824 S.
744 1767 863 1840 Annae,
874 1762 953 1824 iufra
963 1781 1045 1843 quos
1056 1762 1206 1823 terminos
1216 1762 1415 1824 continentur
1424 1761 1573 1841 gastiuae,

267 1872 347 1932 quae
366 1852 490 1913 fuerunt
506 1852 624 1930 casalia,
642 1871 781 1933 quorum
800 1867 891 1934 caput
908 1867 953 1912 est
968 1852 1105 1913 Galilaea
1120 1852 1282 1929 antedicta,
1306 1851 1419 1912 scilicet
1440 1851 1572 1929 Gedida,

269 1943 384 2021 Megar,
408 1942 516 2003 Casale
540 1942 683 2019 rubeum,
708 1941 835 2002 Gastina
859 1940 952 2002 fontis
975 1956 1004 2002 et
1026 1941 1165 2002 Laasina.
1189 1975 1234 1985 -
1255 1941 1429 2002 Balduiuus
1453 1940 1494 2002 lV
1510 1959 1573 2017 rex,

267 2031 440 2092 Balduiuus
458 2029 660 2107 Ramateusis,
677 2030 833 2107 Balianus,
851 2030 940 2091 frater
956 2028 1033 2108 eius,
1050 2031 1158 2091 Petrus
1174 2031 1279 2107 Costa,
1296 2030 1454 2091 lohannes
1471 2030 1574 2107 Costa,

268 2119 475 2201 Spiuapellus,
501 2119 685 2195 Macharius,
710 2119 846 2181 Garinus
867 2119 1063 2196 Galrnardus‚
1080 2119 1239 2181 lohannes
1257 2121 1411 2196 Monetae,
1429 2117 1574 2180 Gazellus

268 2208 471 2290 Sydonensis,
483 2208 568 2281 Sibo,
579 2208 752 2270 vicecomes
761 2209 938 2288 Caesareae,
950 2208 1314 2291 Guillelmus,Tyriensis
1322 2207 1574 2289 archiepiscopus

268 2313 296 2358 et
313 2298 393 2377 regis
409 2297 618 2376 cancellarius,
636 2297 821 2374 Monachus,
838 2297 1088 2378 archiepiscopus
1103 2297 1319 2377 Caesariensis,
1330 2297 1574 2377 Guid0,Joppes

270 2402 299 2447 et
316 2387 476 2447 Ascalonis
493 2404 608 2466 comes,
627 2386 810 2464 Aimericus,
827 2386 929 2466 regius
946 2387 1202 2449 constabularius.
1219 2420 1262 2430 —-
1279 2387 1409 2468 Insuper
1419 2385 1574 2447 Galterius

268 2476 370 2536 eidem
387 2475 498 2537 domui
515 2475 610 2536 donat
626 2491 654 2536 et
671 2476 772 2555 sigillo
788 2474 951 2537 confirmat
965 2475 1094 2537 Turrim
1116 2476 1285 2537 salinarum
1301 2474 1482 2555 juxtamare
1500 2494 1573 2537 cum

269 2581 334 2626 toto
350 2581 474 2641 toron0,
486 2585 552 2645 quo
569 2565 695 2626 fundata
713 2580 767 2643 est,
784 2564 883 2641 sitam,
896 2584 991 2646 quam
1002 2581 1086 2645 pater
1096 2565 1193 2646 ipsius
1205 2566 1300 2645 Hugo
1315 2564 1469 2646 Hospitali
1487 2582 1573 2625 com-

270 2654 417 2714 modavit.
441 2688 485 2697 —
506 2654 679 2716 Balduinus
705 2654 909 2732 Ramatensis,
935 2654 1091 2729 Balianus,
1119 2654 1208 2716 frater
1233 2653 1310 2734 ejus,
1336 2656 1444 2716 Petrus
1469 2655 1573 2731 Costa,

268 2743 426 2803 lohannes
436 2744 540 2821 Costa,
556 2743 741 2822 Macharius,
757 2743 924 2805 Rotbertus
941 2744 978 2805 de
996 2745 1183 2823 Aubecurte,
1200 2742 1334 2805 Karolus
1350 2743 1444 2821 (Paoli
1456 2742 1477 2820 l,
1489 2762 1519 2825 p.
1532 2763 1572 2810 72

268 2852 366 2912 —73,
383 2832 444 2893 No.
464 2852 521 2909 72;
547 2832 585 2894 cf.
603 2852 632 2913 p.
653 2851 731 2913 5073
756 2832 830 2894 Lois
848 2830 906 2912 [ed.
923 2830 1078 2915 Beugnot]
1096 2833 1118 2911 l,
1138 2853 1167 2914 p.
1189 2853 1260 2913 501,
1278 2832 1363 2910 not).
1503 2830 1575 2891 619

350 2985 369 3017 ,‚
415 2972 460 2982 -·
476 2941 548 3019 Ugo
564 2940 720 3017 Broerius,
738 2939 821 3001 filius
837 2940 999 3020 quondam
1016 2941 1094 3002 Petri
1111 2941 1230 3003 Broerii
1247 2956 1276 3002 et
1286 2940 1461 3001 Willelmae
1477 2940 1574 3001 Broe-

268 3028 340 3107 riae,
357 3049 484 3091 assensu
501 3028 644 3108 conjugis
660 3049 733 3090 suae
752 3029 865 3090 Mariae
883 3029 1035 3111 Hospitali
1052 3044 1082 3090 et
1099 3029 1181 3090 fratri
1192 3030 1346 3091 Nicholao
1357 3030 1395 3090 de
1406 3028 1574 3106 Gusatrcio,

269 3118 438 3198 Hospitalis
456 3119 573 3181 Montis
590 3118 746 3198 Peregrini
763 3118 963 3199 praeceptori,
987 3118 1152 3180 stationem
1168 3138 1257 3180 suam
1274 3118 1307 3179 iu
1323 3118 1442 3180 civitate
1458 3117 1574 3199 Tripo-

267 3207 360 3269 litana
377 3225 446 3269 ante
463 3208 628 3269 macellum
638 3209 728 3268 sitam
739 3208 835 3269 CXlll
846 3207 984 3269 bisantiis
994 3208 1110 3288 vendit,
1120 3227 1201 3288 quae
1218 3228 1253 3269 ex
1270 3227 1336 3269 uno
1351 3207 1442 3269 latere
1459 3207 1574 3268 vicinas

268 3298 360 3358 habet
383 3297 513 3358 domum
538 3298 700 3377 quondam
725 3297 874 3365 Willelmi
898 3297 936 3358 de
959 3297 1102 3374 Tortosa,
1127 3317 1163 3358 ex
1185 3296 1246 3359 alio
1270 3297 1403 3358 domum
1425 3295 1574 3358 Bernardi

269 3385 420 3463 Furuarii,
438 3406 475 3447 ex
491 3386 552 3447 alio
569 3387 780 3463 barbacanam,
792 3389 829 3447 ab
846 3386 973 3447 introitu
985 3400 1090 3468 portae
1101 3386 1181 3447 viam
1193 3386 1359 3467 publicam.
1370 3419 1414 3430 -
1424 3385 1574 3447 Girardus

268 3476 307 3536 de
324 3476 432 3536 Monte
454 3475 558 3552 Olivo,
582 3475 753 3536 vicecomes
775 3474 1000 3557 Tripolitanus,
1024 3475 1142 3552 Sarius,
1151 3477 1171 3553 ¹)
1194 3476 1350 3536 lohannes
1373 3475 1411 3536 de
1436 3476 1574 3554 Moneta,

270 3564 448 3626 Willelmus
480 3564 655 3642 Catalanus,
687 3565 845 3627 lohannes
875 3564 1099 3644 Bulfarachius,
1130 3565 1316 3626 Laurentius
1347 3565 1385 3624 de
1411 3564 1573 3640 Becelmia,

269 3653 449 3715 Willelmus
474 3654 596 3715 lsamus
620 3653 777 3730 (Delaville
794 3655 822 3716 le
838 3654 952 3732 Roulx,
977 3674 1007 3735 p.
1031 3674 1142 3734 152-
1155 3675 1163 3714 1
1175 3674 1189 3734 5
1196 3674 1224 3734 3,
1249 3655 1309 3715 Nn.
1328 3655 1370 3714 60
1389 3650 1437 3732 [cf.
1456 3672 1484 3733 p.
1505 3651 1573 3732 sal,

269 3744 370 3820 Prutz,
387 3763 418 3824 p.
442 3763 511 3823 122,
529 3744 589 3804 No.
610 3743 670 3823 57).
1504 3739 1575 3801 620

343 3840 364 3904 ¹)
388 3834 465 3890 Alias
485 3835 557 3904 Sais,
577 3848 605 3891 et
618 3837 689 3891 Jean
709 3836 745 3890 de
765 3836 791 3890 la
811 3836 937 3907 Moneie,
957 3834 1032 3891 cives
1046 3833 1226 3907 Tripolitani,
1245 3852 1270 3888 a.
1288 3834 1354 3907 1189
1375 3846 1575 3889 memorantur

270 3907 407 3978 (Eracles,
420 3924 447 3978 p.
467 3906 532 3980 187).

350 4047 368 4078 „
418 4001 569 4083 (Tripoli).
588 4036 631 4047 —
651 4002 801 4064 Richelda
820 4022 892 4064 cum
915 4002 980 4064 filio
1002 4002 1161 4064 Bernardo
1178 4003 1291 4082 Coppo
1315 4019 1471 4062 consensu
1494 4000 1574 4062 filiae

270 4091 394 4170 Mariae,
420 4092 511 4153 Petro
528 4091 676 4168 Federici,
700 4091 799 4153 Leoni
816 4092 1012 4169 Provinciali,
1036 4092 1179 4152 Randino
1199 4091 1299 4151 Becco
1315 4089 1546 4167 Vallideserclo,
1555 4092 1574 4168 ¹)

268 4180 411 4262 Symoni,
429 4180 598 4260 Gaudolf0,
623 4180 846 4260 Roneseguiae,
871 4182 1009 4260 Marcho,
1033 4196 1108 4242 tunc
1124 4178 1246 4261 Tripoli
1269 4179 1441 4240 constitutis
1465 4196 1494 4240 et
1517 4200 1575 4261 pro

268 4269 386 4331 civitate
410 4269 519 4330 Pisana
544 4270 718 4332 ementibus
742 4272 854 4331 domos
877 4291 947 4331 suas
969 4271 1178 4353 Tripolitanas
1202 4268 1413 4331 CLXXXVllI
1437 4268 1575 4329 bisantiis

269 4359 384 4431 vendit,
401 4378 534 4441 quarum
559 4360 682 4421 termini
706 4375 779 4420 sunt
801 4379 908 4421 versus
931 4360 1082 4421 orientem
1099 4380 1116 4419 a
1134 4359 1233 4420 fronte
1251 4359 1297 4419 via
1314 4358 1446 4439 publica,
1469 4378 1575 4420 versus

270 4448 431 4510 meridiem
456 4448 571 4510 domus
594 4449 845 4525 vicecomitissae,
870 4468 976 4510 versus
999 4448 1241 4529 septentrionem
1268 4448 1382 4508 domus
1408 4447 1520 4507 Marini
1546 4463 1575 4508 et

270 4557 376 4600 versus
398 4537 591 4599 occidentem
616 4538 800 4599 Pisanorum
824 4537 947 4599 domus.
965 4571 1008 4582 -
1025 4538 1175 4600 Girardus
1192 4537 1231 4598 de
1249 4538 1356 4598 Monte
1372 4535 1476 4611 Olivo,
1494 4536 1574 4597 vice-

269 4626 607 4708 comesTripolitanus,
625 4626 680 4706 qui
696 4626 817 4707 sigillat,
829 4627 1008 4688 Willelmus
1024 4627 1062 4688 de
1079 4628 1176 4688 Calvo
1194 4627 1312 4703 Monte,
1329 4625 1448 4702 Sarius,
1459 4625 1575 4686 Johan-

269 4735 324 4777 nes
341 4717 379 4778 de
397 4718 534 4788 Moneta,
547 4716 725 4779 Willelmus
741 4717 917 4793 Catalanus,
934 4717 1092 4777 lohannes
1108 4715 1304 4790 Bulfarachii,
1316 4714 1387 4793 Ugo
1399 4713 1574 4789 Maurelini,

269 4805 475 4882 Francartlus,
501 4806 659 4867 lohannes
685 4805 829 4884 Georgii,
857 4805 947 4866 frater
972 4804 1037 4883 ejus
1063 4806 1204 4884 Marcus,
1230 4805 1406 4885 Stephanus
1432 4804 1574 4883 Mamuli,

344 4927 362 4996 ¹)
381 4923 458 4979 Alias
473 4923 560 4979 Vallis
574 4924 671 4979 Sercli.
