3398 5400
671 317 751 392 regni
763 307 1024 394 Hierosolymitani.
1439 336 1498 394 177

195 541 438 605 Gabilonensem
454 557 483 603 et
499 541 704 620 (Anterium?)
722 542 938 605 Valeniensem
956 541 1119 624 episcopos
1136 542 1360 603 commendans
1371 540 1496 617 (bened.

194 631 233 693 de
250 631 405 693 Peterbor.
424 631 458 709 ll,
477 652 506 714 p.
520 634 666 712 36-383
693 632 772 711 Rog.
790 633 829 693 de
846 632 1018 693 Hovedene
1035 632 1070 710 ll,
1087 651 1117 712 p.
1132 649 1322 712 340-3423
1345 631 1500 693 Batonius

200 722 292 798 1187,
309 721 370 781 N0.
392 739 425 800 5,
451 721 576 803 Rymer,
595 722 732 783 Foedera
749 722 806 800 lA,
824 741 853 803 p.
872 741 929 802 393
956 721 1072 801 Migne,
1089 720 1201 783 Patrol.
1213 721 1262 782 lat.
1274 720 1352 800 CCI,
1370 739 1400 802 p.
1418 740 1498 800 1407

193 810 336 889 -1408,
353 810 415 870 No.
434 810 473 888 al.
1430 805 1501 868 664

243 904 331 966 1187
349 906 471 984 Octob,
487 908 611 969 indVl.
629 908 704 990 Tyri
721 907 754 969 in
771 909 868 969 domo
878 905 1058 988 Hospitalis.
1076 939 1120 951 -
1134 907 1300 985 Corradus,
1311 905 1500 967 marchionis

195 996 415 1058 Montisferrati
433 996 524 1074 filius,
542 998 674 1060 consilio
696 1013 725 1058 er
750 1016 906 1059 consensu
933 996 1069 1076 magistri
1096 995 1254 1075 Monachi,
1280 996 1499 1074 Caesariensis,

193 1086 348 1162 Leotardi,
359 1086 520 1165 Nazareni,
528 1087 844 1169 archiepiscoporum,
856 1085 1010 1164 Oddonis,
1022 1086 1177 1167 Sydoniae
1189 1084 1337 1167 episcopi,
1346 1085 1366 1164 ¹)
1383 1085 1499 1163 Terris,

193 1175 331 1257 Templi,
348 1190 377 1237 et
393 1176 516 1255 Borelli,
534 1176 712 1257 Hospitalis,
731 1195 919 1255 magnorum
936 1191 1182 1257 praeceptorum,
1207 1175 1334 1253 Pisanis,
1355 1174 1409 1255 qui
1427 1193 1500 1235 cum

194 1264 263 1346 ipso
270 1265 394 1346 Tyrum
405 1264 521 1326 fortiter
529 1265 761 1343 defenderint‚²l
771 1266 873 1345 sigillo
883 1264 1045 1326 confirmat
1056 1264 1273 1325 concessiones
1283 1284 1299 1324 a
1311 1264 1500 1342 Raimund0,

194 1356 295 1415 bonae
306 1354 474 1415 memoriae
485 1354 597 1415 comite
607 1354 814 1435 Tripolitano,
824 1354 899 1436 Tyri
912 1355 1012 1431 lactas,
1023 1352 1138 1414 scilicet
1149 1354 1271 1432 domos,
1283 1373 1363 1434 quae
1375 1352 1501 1414 fuerunt

193 1443 329 1525 Templi,
347 1462 419 1504 cum
436 1459 518 1505 turre
535 1460 564 1504 et
580 1445 677 1525 platea
694 1463 798 1504 coram
810 1445 882 1526 ipsis
894 1444 1041 1524 usquead
1054 1459 1293 1504 mareetearum
1305 1442 1499 1524 pertinentia,

196 1566 237 1577 -
255 1548 283 1594 et
299 1548 372 1594 sunt
388 1532 504 1614 positae
521 1551 618 1615 prope
636 1533 806 1595 fundacum
828 1534 1012 1594 Pisanorum
1035 1552 1128 1613 super
1151 1552 1279 1593 murum
1303 1531 1429 1593 civitatis
1447 1567 1499 1609 —,

194 1620 307 1683 deinde
324 1622 446 1700 domos,
466 1642 546 1703 quae
564 1623 689 1684 luerunt
705 1623 866 1703 quondam
883 1621 1027 1684 Balduini
1043 1622 1155 1701 Pisani,
1179 1641 1251 1682 cum
1275 1623 1372 1703 platea
1396 1640 1500 1683 coram

195 1710 268 1792 ipsis
285 1711 431 1772 domibus
448 1731 548 1792 usque
565 1712 602 1772 ad
620 1731 703 1772 mare
720 1710 801 1790 juxta
820 1711 990 1774 fundacum
1007 1711 1122 1772 ibidem
1138 1712 1219 1789 sitas,
1236 1728 1265 1772 et
1281 1713 1404 1786 domos,
1420 1730 1500 1791 quae

195 1799 320 1861 fuerunt
345 1801 489 1862 Matthaei
512 1801 663 1863 lohannis
686 1800 782 1863 Guidi
805 1820 877 1862 cunt
900 1802 998 1883 platea
1021 1820 1125 1862 coram
1149 1800 1223 1882 ipsis
1245 1800 1399 1880 usquead
1417 1820 1500 1861 mare

196 1889 351 1968 fundatae,
369 1910 439 1951 curn
458 1890 642 1971 pertinentia
658 1907 746 1951 antea
762 1906 791 1951 er
807 1908 887 1952 retro
898 1891 1012 1972 positas
1023 1912 1040 1950 a
1050 1890 1197 1952 domibus
1208 1888 1345 1951 filiorum
1355 1889 1500 1951 Balduini

195 1980 354 2059 usquead
379 1980 511 2041 domum
535 1979 737 2059 Uguiccionis
752 1980 935 2042 Talliaventi
959 1997 988 2041 et
1004 1981 1127 2059 domos,
1151 1999 1231 2060 quae
1256 1979 1381 2040 luerunt
1403 1979 1500 2042 Guidi

195 2068 297 2129 Pisani
314 2087 386 2129 cum
404 2068 502 2150 platea
519 2089 619 2148 usque
636 2070 673 2130 ad
691 2089 773 2130 mare
791 2071 905 2151 positas
922 2070 1001 2131 inter
1017 2069 1193 2131 nominatas
1204 2069 1325 2148 domos,
1336 2085 1365 2130 et
1376 2070 1499 2145 domos,

195 2176 274 2238 quae
292 2156 418 2218 fuerunt
433 2158 523 2237 regis,
545 2158 598 2220 ubi
614 2158 727 2220 fiebant
744 2159 886 2239 cartulae,
910 2176 980 2240 post
997 2159 1166 2220 fundacum
1183 2159 1378 2220 Pisanorum.
1410 2158 1499 2219 Prae-

194 2263 275 2308 terea
300 2247 442 2309 concedit
467 2248 599 2328 plateam
622 2264 730 2330 portus
761 2249 901 2329 undique
925 2249 1062 2327 liberam,
1088 2249 1215 2309 furnum
1239 2248 1419 2327 bucciariae,
1445 2247 1500 2328 qui

195 2334 252 2398 fuit
275 2337 364 2416 regis,
387 2337 420 2397 in
444 2356 519 2416 ruga
543 2337 711 2398 bucciariae
735 2338 829 2399 situm
852 2354 882 2399 et
904 2339 1061 2416 balneum,
1079 2338 1166 2418 quod
1184 2336 1240 2398 luit
1257 2338 1346 2418 regis,
1371 2339 1403 2398 in
1424 2357 1500 2416 ruga

195 2424 321 2506 Templi
338 2446 431 2505 rugae
451 2426 482 2488 S.
499 2426 612 2488 Juliani
629 2427 777 2488 vicinum.
818 2428 940 2489 Deinde
957 2427 1112 2509 permittit,
1136 2444 1170 2488 ut
1185 2426 1262 2509 Tyri
1280 2428 1303 2488 ΙΙ
1320 2427 1500 2489 molendina

193 2515 266 2595 equi
283 2532 312 2576 et
329 2515 457 2577 furnum
476 2516 508 2577 in
524 2516 588 2577 suis
605 2517 752 2577 dontibus
770 2517 867 2578 facere
885 2518 1015 2598 possint,
1039 2517 1117 2578 sicut
1139 2517 1316 2579 continetur
1340 2516 1500 2598 privilegio

193 2604 337 2666 Balduini
355 2605 444 2684 regis,
460 2620 488 2665 et
505 2604 668 2667 confirmat
678 2622 831 2685 stateram,
842 2626 964 2687 pensas,
976 2607 1080 2668 modia
1097 2622 1125 2667 et
1143 2625 1304 2667 mensuras
1314 2606 1377 2666 vini
1395 2622 1424 2666 et
1440 2605 1500 2666 olei

194 2694 1500 2775 necnonextracivitatemmolendinumaquaecumdomoeraquaadictoRaimundo

194 2784 306 2844 comite
324 2802 468 2845 concessa
485 2799 514 2844 et
531 2785 627 2845 casale
644 2784 793 2845 Talobiae
810 2805 883 2846 cum
901 2785 924 2846 ll
941 2785 1076 2864 gastinis‚
1094 2784 1236 2845 Rasahna
1247 2783 1410 2862 (Rasalain)
1428 2803 1499 2845 cum

193 2871 348 2951 aedificiis,
360 2872 456 2955 Sydio
472 2873 744 2952 ethinebeddelle,
762 2874 874 2936 multas
890 2873 963 2935 alias
980 2875 1132 2935 libertates
1148 2894 1182 2934 ac
1198 2873 1355 2954 privilegia
1372 2873 1499 2934 addens.

193 2994 238 3005 -
254 2962 300 3023 De
313 2962 605 3044 iratribusTempli:
624 2962 803 3025 Gioffredus
820 2963 935 3042 Morin,
954 2980 1132 3045 praeceptor
1141 2962 1312 3043 Tyriensis,
1324 2964 1501 3023 Bertramus

194 3051 325 3112 Deltana
342 3051 440 3130 miles,
466 3053 572 3114 Petrus
589 3052 677 3114 Sterii
695 3052 810 3129 (Yterii)
828 3052 926 3131 miles,
943 3053 1146 3114 Wuillelmus
1163 3052 1200 3112 de
1218 3052 1385 3113 Veudobre
1401 3051 1500 3129 miles,

194 3139 267 3219 Ugo
284 3140 413 3202 Giollrei
437 3140 536 3219 miles,
560 3141 723 3203 Achardus
744 3142 937 3223 capellanus;
965 3143 1002 3203 de
1020 3142 1116 3202 domo
1132 3141 1318 3222 Hospitalis:
1346 3142 1500 3202 Hermen-

193 3228 314 3309 galdus,
332 3230 416 3310 prior
432 3231 463 3292 S.
475 3231 587 3308 Egidii,
605 3231 781 3292 Willelmus
797 3231 1026 3308 Alvernaccius,
1044 3231 1173 3292 Pontius
1190 3231 1228 3292 de
1245 3229 1331 3308 Baja;
1357 3231 1394 3291 de
1411 3233 1500 3291 baro-

194 3319 304 3381 nibus:
329 3320 401 3399 Ugo
417 3320 610 3401 Tyberiadis,
627 3319 781 3381 Radull‘us
798 3320 898 3397 (Rau),
916 3321 1006 3382 frater
1022 3319 1099 3399 ejus,
1122 3319 1301 3382 Gualterius
1324 3320 1500 3395 Caesareae,

194 3408 321 3490 Helyas,
339 3410 510 3470 vicecomes
526 3409 564 3470 de
582 3410 743 3489 Nazareth,
760 3411 954 3488 Eustachius,
971 3410 1144 3470 vicecomes
1160 3409 1317 3489 Legionis,
1338 3410 1501 3470 Reinerius

194 3498 233 3558 de
251 3499 392 3575 Marone,
410 3499 546 3560 Uberius
563 3499 601 3559 de
618 3498 760 3578 Orgi010,
783 3500 890 3561 lterius
906 3500 944 3560 de
962 3499 1079 3578 Manni,
1096 3499 1269 3561 Amalricus
1285 3498 1500 3576 Godescalchi,

197 3586 398 3648 Wuillelmus
415 3588 452 3648 de
464 3588 595 3649 Caineto
607 3588 791 3666 lChametol,
808 3589 943 3650 Ubertus
959 3589 1076 3670 Nepos,
1093 3588 1286 3650 senescalcus
1303 3589 1501 3666 marchionis,

195 3676 351 3737 Ansaldus
369 3676 579 3756 Bonvicinius,
597 3676 779 3755 Balduinus,
798 3677 888 3739 frater
904 3677 981 3756 ejus,
997 3679 1173 3740 Bernardus
1189 3678 1324 3759 Templi,
1340 3678 1502 3759 Tyriensis

194 3765 377 3844 vicecomes,
389 3765 592 3827 Wuillelmus
603 3768 712 3848 Caym,
725 3767 899 3828 Matthaeus
909 3768 1060 3828 lohannis
1071 3768 1177 3846 Guidi,
1192 3767 1303 3829 Simon
1320 3768 1358 3828 de
1375 3767 1500 3828 Falesia.

195 3855 310 3916 Datum
335 3875 389 3936 per
412 3875 542 3917 manum
565 3856 707 3934 bandini,
731 3856 852 3917 domini
877 3857 1065 3918 marchionis
1087 3857 1212 3918 scribae.
1237 3890 1281 3899 -
1304 3858 1502 3917 Bonacursus

196 3945 358 4025 quondam
367 3945 519 4006 lobannis
529 3944 713 4023 Admirallii,
725 3945 919 4026 imperatoris
930 3947 1058 4008 Henrici
1069 3945 1171 4026 judex,
1183 3945 1302 4026 scripsit
1320 3945 1367 4022 (G.
1379 3946 1500 4021 Muller,

195 4053 224 4115 p.
243 4035 395 4112 26—28,
412 4035 472 4095 N0.
494 4055 531 4115 23
552 4032 599 4113 [cf.
617 4055 647 4116 p.
665 4032 869 4116 404-410];
894 4035 953 4096 Dal
968 4037 1083 4115 Borgo,
1101 4055 1131 4117 p.
1155 4055 1341 4115 too—1033
1367 4033 1501 4114 Ughelli,

195 4121 277 4184 ltalia
293 4143 375 4184 sacra
393 4123 439 4202 ΙΙΙ,
452 4144 480 4205 p.
492 4143 685 4205 415-4173
703 4125 740 4186 cf.
752 4124 880 4203 Tronci,
891 4125 1004 4187 Annal.
1018 4126 1117 4186 Pisan.
1137 4124 1158 4203 l,
1175 4144 1205 4207 p.
1220 4144 1277 4204 371
1291 4144 1299 4202 ;
1318 4124 1451 4185 Fanucci
1467 4124 1501 4200 ll,

195 4231 224 4293 p.
249 4232 435 4294 raa—1233
461 4214 609 4274 Archives
626 4214 656 4274 d.
673 4213 757 4275 miss.
775 4214 918 4293 scientii,
934 4215 954 4276 l.
972 4235 997 4276 c.
1016 4235 1045 4296 p.
1066 4216 1138 4295 360,
1159 4214 1243 4294 365).
1432 4210 1502 4272 665

269 4309 288 4374 ¹)
308 4305 352 4359 De
365 4321 400 4359 eo
414 4305 526 4359 ZDPV.
540 4304 575 4375 X,
587 4322 615 4376 p.
629 4323 671 4377 30.
747 4308 770 4373 Ι)
788 4304 1067 4376 Ruhricht,sseirr.1,
1080 4324 1107 4377 p.
1126 4323 1272 4378 133-134

275 4443 296 4476 „
342 4399 464 4478 Octob,
490 4399 555 4460 ind.
573 4399 622 4460 Vl.
657 4399 733 4482 Tyri
759 4400 791 4462 in
817 4400 914 4460 domo
939 4400 1117 4481 Hospitalis.
1143 4433 1188 4444 —
1213 4400 1392 4476 Conradus,
1421 4398 1502 4460 lilius

194 4487 384 4549 marchionis
401 4489 630 4568 Montisferrati,
654 4489 785 4551 consilio
801 4489 927 4569 Litardi,
950 4489 1174 4572 archiepiscopi
1190 4489 1352 4567 Nazareni,
1377 4507 1502 4550 necnon

194 4578 327 4656 Odonis,
350 4578 487 4659 episcopi
510 4578 714 4656 Sidoniensis,
740 4578 946 4659 burgensibus
970 4579 1000 4641 S.
1017 4580 1130 4661 Egidii,
1155 4579 1271 4641 Montis
1295 4577 1452 4639 Pessulani
1473 4593 1503 4638 et

196 4667 349 4729 Massiliae
366 4668 404 4728 de
421 4667 601 4730 defensione
621 4668 697 4748 Tyri
721 4669 837 4749 optime
863 4668 978 4729 meritis
1001 4688 1056 4749 per
1079 4687 1208 4730 manum
1232 4666 1310 4730 Petri
1334 4665 1502 4742 Cebaltli,¹)

194 4756 343 4818 Bernardi
359 4757 478 4836 Asciae,
505 4758 652 4819 Bernardi
670 4758 707 4818 de
729 4758 919 4838 Bresciacha,
946 4757 1104 4819 Ramundi
1127 4758 1165 4818 de
1190 4759 1334 4835 Mozano,
1360 4755 1440 4817 Petri
1464 4755 1502 4816 de

195 4854 408 4861 --—-—.-.

271 4880 290 4944 ¹)
310 4876 419 4945 Legas:
433 4875 583 4931 'l‘helraldi

249 4980 416 5036 Rdhricht,
437 4981 543 5039 Regesta.
1293 5000 1322 5039 12
