<?xml version="1.0" encoding="UTF-8"?>
<!DOCTYPE html PUBLIC "-//W3C//DTD XHTML 1.0 Transitional//EN"
    "http://www.w3.org/TR/xhtml1/DTD/xhtml1-transitional.dtd">
<html xmlns="http://www.w3.org/1999/xhtml" xml:lang="en" lang="en">
 <head>
  <title>
</title>
<meta http-equiv="Content-Type" content="text/html;charset=utf-8" />
  <meta name='ocr-system' content='tesseract 3.04.00' />
  <meta name='ocr-capabilities' content='ocr_page ocr_carea ocr_par ocr_line ocrx_word'/>
</head>
<body>
  <div class='ocr_page' id='page_1' title='image "./regestaregnihie00rhgoog_0116.png"; bbox 0 0 3398 5400; ppageno 0'>
   <div class='ocr_carea' id='block_1_1' title="bbox 665 319 1498 427">
    <p class='ocr_par' dir='ltr' id='par_1_1' title="bbox 665 319 1498 427">
     <span class='ocr_line' id='line_1_1' title="bbox 665 319 1498 427; baseline 0.011 -34"><span class='ocrx_word' id='word_1_1' title='bbox 665 319 745 410; x_wconf 83' lang='lat' dir='ltr'>&#39;regni</span> <span class='ocrx_word' id='word_1_2' title='bbox 759 320 1022 412; x_wconf 87' lang='lat' dir='ltr'>Hierosolymitani.</span> <span class='ocrx_word' id='word_1_3' title='bbox 1441 356 1498 427; x_wconf 74' lang='lat' dir='ltr'>lot)</span> 
     </span>
    </p>
   </div>
   <div class='ocr_carea' id='block_1_2' title="bbox 194 430 1498 443">
    <p class='ocr_par' dir='ltr' id='par_1_2' title="bbox 194 430 1498 443">
     <span class='ocr_line' id='line_1_2' title="bbox 194 430 1498 443; baseline 0.002 -2"><span class='ocrx_word' id='word_1_4' title='bbox 194 430 734 442; x_wconf 54' lang='lat' dir='ltr'>ffl--.—...-—...—.-.</span> <span class='ocrx_word' id='word_1_5' title='bbox 746 434 828 440; x_wconf 86' lang='lat'>..—</span> <span class='ocrx_word' id='word_1_6' title='bbox 845 434 853 439; x_wconf 85' lang='lat'><em>.</em></span> <span class='ocrx_word' id='word_1_7' title='bbox 870 434 950 439; x_wconf 76' lang='lat'>...-.-.</span> <span class='ocrx_word' id='word_1_8' title='bbox 1238 434 1468 443; x_wconf 51' lang='lat' dir='ltr'>...a-...m</span> <span class='ocrx_word' id='word_1_9' title='bbox 1493 438 1498 443; x_wconf 94' lang='lat'>.</span> 
     </span>
    </p>
   </div>
   <div class='ocr_carea' id='block_1_3' title="bbox 193 558 1502 1089">
    <p class='ocr_par' dir='ltr' id='par_1_3' title="bbox 193 558 1502 1089">
     <span class='ocr_line' id='line_1_3' title="bbox 193 558 1499 643; baseline 0 -21"><span class='ocrx_word' id='word_1_10' title='bbox 193 560 298 640; x_wconf 84' lang='lat' dir='ltr'>getius</span> <span class='ocrx_word' id='word_1_11' title='bbox 321 561 360 622; x_wconf 95' lang='lat' dir='ltr'>de</span> <span class='ocrx_word' id='word_1_12' title='bbox 383 561 479 643; x_wconf 86' lang='lat' dir='ltr'>Cayfa</span> <span class='ocrx_word' id='word_1_13' title='bbox 504 577 533 622; x_wconf 89' lang='lat' dir='ltr'>et</span> <span class='ocrx_word' id='word_1_14' title='bbox 556 561 724 638; x_wconf 86' lang='lat' dir='ltr'>lohannes,</span> <span class='ocrx_word' id='word_1_15' title='bbox 751 560 841 621; x_wconf 85' lang='lat' dir='ltr'>frater</span> <span class='ocrx_word' id='word_1_16' title='bbox 866 558 942 639; x_wconf 82' lang='lat' dir='ltr'>ejus,</span> <span class='ocrx_word' id='word_1_17' title='bbox 967 559 1158 634; x_wconf 89' lang='lat' dir='ltr'>Willelmus,</span> <span class='ocrx_word' id='word_1_18' title='bbox 1183 561 1262 641; x_wconf 85' lang='lat' dir='ltr'>regis</span> <span class='ocrx_word' id='word_1_19' title='bbox 1289 563 1499 637; x_wconf 82' lang='lat' dir='ltr'>marescalcus,</span> 
     </span>
     <span class='ocr_line' id='line_1_4' title="bbox 194 649 1501 730; baseline 0.001 -18"><span class='ocrx_word' id='word_1_20' title='bbox 194 649 352 712; x_wconf 90' lang='lat' dir='ltr'>Giraudns</span> <span class='ocrx_word' id='word_1_21' title='bbox 378 651 416 712; x_wconf 95' lang='lat' dir='ltr'>de</span> <span class='ocrx_word' id='word_1_22' title='bbox 442 651 574 727; x_wconf 78' lang='lat' dir='ltr'><strong>Genius,</strong></span> <span class='ocrx_word' id='word_1_23' title='bbox 601 649 755 711; x_wconf 89' lang='lat' dir='ltr'>Henricus</span> <span class='ocrx_word' id='word_1_24' title='bbox 781 651 818 710; x_wconf 96' lang='lat' dir='ltr'>de</span> <span class='ocrx_word' id='word_1_25' title='bbox 844 649 1005 726; x_wconf 90' lang='lat' dir='ltr'>Gilebelet,</span> <span class='ocrx_word' id='word_1_26' title='bbox 1032 649 1221 729; x_wconf 91' lang='lat' dir='ltr'>Balduinus,</span> <span class='ocrx_word' id='word_1_27' title='bbox 1247 653 1501 730; x_wconf 88' lang='lat' dir='ltr'>consanguineus</span> 
     </span>
     <span class='ocr_line' id='line_1_5' title="bbox 194 739 1495 820; baseline 0.002 -20"><span class='ocrx_word' id='word_1_28' title='bbox 194 739 331 817; x_wconf 83' lang='lat' dir='ltr'>Rogerii,</span> <span class='ocrx_word' id='word_1_29' title='bbox 354 740 502 801; x_wconf 85' lang='lat' dir='ltr'>Clemens</span> <span class='ocrx_word' id='word_1_30' title='bbox 525 739 637 818; x_wconf 85' lang='lat' dir='ltr'>Rufus,</span> <span class='ocrx_word' id='word_1_31' title='bbox 662 739 779 820; x_wconf 83' lang='lat' dir='ltr'>dapifer</span> <span class='ocrx_word' id='word_1_32' title='bbox 803 739 923 800; x_wconf 93' lang='lat' dir='ltr'>domini</span> <span class='ocrx_word' id='word_1_33' title='bbox 947 739 1070 820; x_wconf 87' lang='lat' dir='ltr'>Cayfae,</span> <span class='ocrx_word' id='word_1_34' title='bbox 1088 740 1237 802; x_wconf 90' lang='lat' dir='ltr'>Vivianus</span> <span class='ocrx_word' id='word_1_35' title='bbox 1257 740 1439 803; x_wconf 85' lang='lat' dir='ltr'>vicecomes.</span> <span class='ocrx_word' id='word_1_36' title='bbox 1457 771 1495 787; x_wconf 84' lang='lat'>-·</span> 
     </span>
     <span class='ocr_line' id='line_1_6' title="bbox 193 827 1501 911; baseline 0 -20"><span class='ocrx_word' id='word_1_37' title='bbox 193 829 355 907; x_wconf 89' lang='lat' dir='ltr'>Vivianus,</span> <span class='ocrx_word' id='word_1_38' title='bbox 367 829 515 892; x_wconf 90' lang='lat' dir='ltr'>dominus</span> <span class='ocrx_word' id='word_1_39' title='bbox 526 829 649 911; x_wconf 87' lang='lat' dir='ltr'>Cayfae,</span> <span class='ocrx_word' id='word_1_40' title='bbox 661 849 733 891; x_wconf 91' lang='lat' dir='ltr'>cum</span> <span class='ocrx_word' id='word_1_41' title='bbox 745 849 840 890; x_wconf 84' lang='lat' dir='ltr'>uxore</span> <span class='ocrx_word' id='word_1_42' title='bbox 852 827 986 889; x_wconf 90' lang='lat' dir='ltr'>Beatrice</span> <span class='ocrx_word' id='word_1_43' title='bbox 1003 844 1031 889; x_wconf 93' lang='lat' dir='ltr'>et</span> <span class='ocrx_word' id='word_1_44' title='bbox 1048 828 1113 889; x_wconf 86' lang='lat' dir='ltr'>filio</span> <span class='ocrx_word' id='word_1_45' title='bbox 1124 831 1247 908; x_wconf 85' lang='lat' dir='ltr'>Pagano</span> <span class='ocrx_word' id='word_1_46' title='bbox 1259 827 1389 910; x_wconf 87' lang='lat' dir='ltr'>ejusque</span> <span class='ocrx_word' id='word_1_47' title='bbox 1404 851 1501 892; x_wconf 82' lang='lat' dir='ltr'>uxore</span> 
     </span>
     <span class='ocr_line' id='line_1_7' title="bbox 194 917 1501 999; baseline 0.002 -20"><span class='ocrx_word' id='word_1_48' title='bbox 194 918 355 979; x_wconf 89' lang='lat' dir='ltr'>Hodierna</span> <span class='ocrx_word' id='word_1_49' title='bbox 372 919 473 998; x_wconf 86' lang='lat' dir='ltr'>sigillo</span> <span class='ocrx_word' id='word_1_50' title='bbox 490 919 625 979; x_wconf 88' lang='lat' dir='ltr'>chartam</span> <span class='ocrx_word' id='word_1_51' title='bbox 642 917 805 979; x_wconf 88' lang='lat' dir='ltr'>confirmat</span> <span class='ocrx_word' id='word_1_52' title='bbox 822 918 971 994; x_wconf 79' lang='lat' dir='ltr'>(Roziere,</span> <span class='ocrx_word' id='word_1_53' title='bbox 989 937 1018 997; x_wconf 93' lang='lat' dir='ltr'>p.</span> <span class='ocrx_word' id='word_1_54' title='bbox 1039 936 1224 999; x_wconf 84' lang='lat'>231—232,</span> <span class='ocrx_word' id='word_1_55' title='bbox 1242 919 1302 980; x_wconf 92' lang='lat' dir='ltr'>N0.</span> <span class='ocrx_word' id='word_1_56' title='bbox 1326 939 1401 995; x_wconf 78' lang='lat'>¹273</span> <span class='ocrx_word' id='word_1_57' title='bbox 1428 920 1501 981; x_wconf 89' lang='lat' dir='ltr'>Lois</span> 
     </span>
     <span class='ocr_line' id='line_1_8' title="bbox 194 1006 1502 1089; baseline 0 -21"><span class='ocrx_word' id='word_1_58' title='bbox 194 1006 253 1087; x_wconf 88' lang='lat' dir='ltr'>[ed.</span> <span class='ocrx_word' id='word_1_59' title='bbox 266 1006 417 1088; x_wconf 74' lang='lat' dir='ltr'>Beugnot]</span> <span class='ocrx_word' id='word_1_60' title='bbox 430 1008 465 1087; x_wconf 92' lang='lat' dir='ltr'>ll,</span> <span class='ocrx_word' id='word_1_61' title='bbox 476 1028 506 1089; x_wconf 90' lang='lat' dir='ltr'>p.</span> <span class='ocrx_word' id='word_1_62' title='bbox 520 1009 703 1088; x_wconf 81' lang='lat'>525-526,</span> <span class='ocrx_word' id='word_1_63' title='bbox 715 1008 775 1069; x_wconf 93' lang='lat' dir='ltr'>N0.</span> <span class='ocrx_word' id='word_1_64' title='bbox 787 1027 847 1087; x_wconf 78' lang='lat'>4¹3</span> <span class='ocrx_word' id='word_1_65' title='bbox 867 1008 983 1086; x_wconf 86' lang='lat' dir='ltr'>Migne,</span> <span class='ocrx_word' id='word_1_66' title='bbox 995 1010 1259 1087; x_wconf 84' lang='lat' dir='ltr'>p.1218—1219,</span> <span class='ocrx_word' id='word_1_67' title='bbox 1270 1008 1420 1087; x_wconf 82' lang='lat' dir='ltr'>N0.127).</span> <span class='ocrx_word' id='word_1_68' title='bbox 1431 1007 1502 1068; x_wconf 85' lang='grc'>418</span> 
     </span>
    </p>
   </div>
   <div class='ocr_carea' id='block_1_4' title="bbox 191 1113 1503 2180">
    <p class='ocr_par' dir='ltr' id='par_1_4' title="bbox 191 1113 1503 2180">
     <span class='ocr_line' id='line_1_9' title="bbox 257 1113 1501 1197; baseline 0.003 -23"><span class='ocrx_word' id='word_1_69' title='bbox 257 1113 357 1176; x_wconf 85' lang='grc'><strong>1165.</strong></span> <span class='ocrx_word' id='word_1_70' title='bbox 378 1151 414 1160; x_wconf 87' lang='grc'><strong>-</strong></span> <span class='ocrx_word' id='word_1_71' title='bbox 434 1115 607 1177; x_wconf 89' lang='lat' dir='ltr'>Balduinus</span> <span class='ocrx_word' id='word_1_72' title='bbox 623 1116 661 1175; x_wconf 92' lang='lat' dir='ltr'>de</span> <span class='ocrx_word' id='word_1_73' title='bbox 679 1113 848 1191; x_wconf 89' lang='lat' dir='ltr'>Mirabella,</span> <span class='ocrx_word' id='word_1_74' title='bbox 866 1114 948 1176; x_wconf 87' lang='lat' dir='ltr'>filius</span> <span class='ocrx_word' id='word_1_75' title='bbox 972 1114 1118 1193; x_wconf 88' lang='lat' dir='ltr'>Barisani,</span> <span class='ocrx_word' id='word_1_76' title='bbox 1144 1116 1176 1176; x_wconf 92' lang='lat' dir='ltr'>in</span> <span class='ocrx_word' id='word_1_77' title='bbox 1193 1117 1364 1197; x_wconf 88' lang='lat' dir='ltr'>praesentia</span> <span class='ocrx_word' id='word_1_78' title='bbox 1380 1132 1409 1177; x_wconf 89' lang='lat' dir='ltr'>et</span> <span class='ocrx_word' id='word_1_79' title='bbox 1425 1137 1501 1178; x_wconf 95' lang='lat' dir='ltr'>con-</span> 
     </span>
     <span class='ocr_line' id='line_1_10' title="bbox 192 1203 1501 1286; baseline 0.002 -22"><span class='ocrx_word' id='word_1_80' title='bbox 192 1204 263 1265; x_wconf 91' lang='lat' dir='ltr'>silio</span> <span class='ocrx_word' id='word_1_81' title='bbox 281 1205 386 1267; x_wconf 84' lang='lat' dir='ltr'>uxoris</span> <span class='ocrx_word' id='word_1_82' title='bbox 402 1205 572 1283; x_wconf 74' lang='lat' dir='ltr'>Rlichildis)</span> <span class='ocrx_word' id='word_1_83' title='bbox 590 1220 618 1266; x_wconf 93' lang='lat' dir='ltr'>et</span> <span class='ocrx_word' id='word_1_84' title='bbox 636 1204 734 1265; x_wconf 86' lang='lat' dir='ltr'>fratris</span> <span class='ocrx_word' id='word_1_85' title='bbox 750 1205 886 1266; x_wconf 88' lang='lat' dir='ltr'>Barisaui</span> <span class='ocrx_word' id='word_1_86' title='bbox 903 1203 1013 1264; x_wconf 94' lang='lat' dir='ltr'>domui</span> <span class='ocrx_word' id='word_1_87' title='bbox 1030 1204 1197 1285; x_wconf 83' lang='lat' dir='ltr'>Hospitalis</span> <span class='ocrx_word' id='word_1_88' title='bbox 1220 1204 1333 1286; x_wconf 92' lang='lat' dir='ltr'>petiam</span> <span class='ocrx_word' id='word_1_89' title='bbox 1356 1223 1452 1267; x_wconf 87' lang='lat' dir='ltr'>tetrae</span> <span class='ocrx_word' id='word_1_90' title='bbox 1468 1207 1501 1267; x_wconf 92' lang='lat' dir='ltr'>in</span> 
     </span>
     <span class='ocr_line' id='line_1_11' title="bbox 192 1293 1501 1374; baseline 0.001 -19"><span class='ocrx_word' id='word_1_91' title='bbox 192 1295 348 1356; x_wconf 89' lang='lat' dir='ltr'>territorio</span> <span class='ocrx_word' id='word_1_92' title='bbox 365 1294 543 1356; x_wconf 87' lang='lat' dir='ltr'>Mirabellae</span> <span class='ocrx_word' id='word_1_93' title='bbox 559 1294 700 1373; x_wconf 87' lang='lat' dir='ltr'>ejusdem</span> <span class='ocrx_word' id='word_1_94' title='bbox 716 1294 886 1374; x_wconf 82' lang='lat' dir='ltr'>Hospitalis</span> <span class='ocrx_word' id='word_1_95' title='bbox 907 1294 1014 1354; x_wconf 89' lang='lat' dir='ltr'>vineae</span> <span class='ocrx_word' id='word_1_96' title='bbox 1037 1295 1215 1373; x_wconf 86' lang='lat' dir='ltr'>contiguam</span> <span class='ocrx_word' id='word_1_97' title='bbox 1239 1295 1390 1374; x_wconf 88' lang='lat' dir='ltr'>concedit,</span> <span class='ocrx_word' id='word_1_98' title='bbox 1413 1293 1501 1373; x_wconf 85' lang='lat' dir='ltr'>cujus</span> 
     </span>
     <span class='ocr_line' id='line_1_12' title="bbox 193 1382 1502 1463; baseline -0.001 -17"><span class='ocrx_word' id='word_1_99' title='bbox 193 1383 250 1446; x_wconf 90' lang='lat' dir='ltr'>uni</span> <span class='ocrx_word' id='word_1_100' title='bbox 267 1383 352 1444; x_wconf 88' lang='lat' dir='ltr'>lateri</span> <span class='ocrx_word' id='word_1_101' title='bbox 369 1382 485 1462; x_wconf 85' lang='lat' dir='ltr'>adjacet</span> <span class='ocrx_word' id='word_1_102' title='bbox 501 1399 579 1445; x_wconf 88' lang='lat' dir='ltr'>terra</span> <span class='ocrx_word' id='word_1_103' title='bbox 596 1384 626 1445; x_wconf 88' lang='lat' dir='ltr'>S.</span> <span class='ocrx_word' id='word_1_104' title='bbox 645 1383 760 1460; x_wconf 82' lang='lat' dir='ltr'>Lazari,</span> <span class='ocrx_word' id='word_1_105' title='bbox 784 1382 868 1444; x_wconf 89' lang='lat' dir='ltr'>alteri</span> <span class='ocrx_word' id='word_1_106' title='bbox 893 1383 950 1460; x_wconf 88' lang='lat' dir='ltr'>via,</span> <span class='ocrx_word' id='word_1_107' title='bbox 973 1401 1053 1463; x_wconf 89' lang='lat' dir='ltr'>quae</span> <span class='ocrx_word' id='word_1_108' title='bbox 1071 1383 1156 1445; x_wconf 93' lang='lat' dir='ltr'>ducit</span> <span class='ocrx_word' id='word_1_109' title='bbox 1172 1384 1209 1444; x_wconf 87' lang='lat' dir='ltr'>ad</span> <span class='ocrx_word' id='word_1_110' title='bbox 1227 1383 1323 1445; x_wconf 88' lang='lat' dir='ltr'>casale</span> <span class='ocrx_word' id='word_1_111' title='bbox 1340 1385 1455 1446; x_wconf 88' lang='lat' dir='ltr'>Roardi</span> <span class='ocrx_word' id='word_1_112' title='bbox 1473 1401 1502 1445; x_wconf 89' lang='lat' dir='ltr'>et</span> 
     </span>
     <span class='ocr_line' id='line_1_13' title="bbox 191 1471 1503 1553; baseline 0 -19"><span class='ocrx_word' id='word_1_113' title='bbox 191 1472 364 1553; x_wconf 84' lang='lat' dir='ltr'>specialiter</span> <span class='ocrx_word' id='word_1_114' title='bbox 379 1475 416 1535; x_wconf 90' lang='lat' dir='ltr'>ad</span> <span class='ocrx_word' id='word_1_115' title='bbox 434 1474 567 1535; x_wconf 90' lang='lat' dir='ltr'>vineam.</span> <span class='ocrx_word' id='word_1_116' title='bbox 585 1506 629 1516; x_wconf 94' lang='lat'><em>-</em></span> <span class='ocrx_word' id='word_1_117' title='bbox 645 1472 809 1551; x_wconf 85' lang='lat' dir='ltr'>Galterius,</span> <span class='ocrx_word' id='word_1_118' title='bbox 825 1472 996 1534; x_wconf 87' lang='lat' dir='ltr'>vicecomes</span> <span class='ocrx_word' id='word_1_119' title='bbox 1013 1471 1199 1550; x_wconf 90' lang='lat' dir='ltr'>Mirabellae,</span> <span class='ocrx_word' id='word_1_120' title='bbox 1211 1474 1394 1553; x_wconf 89' lang='lat' dir='ltr'>Aimericus,</span> <span class='ocrx_word' id='word_1_121' title='bbox 1412 1473 1503 1534; x_wconf 85' lang='lat' dir='ltr'>frater</span> 
     </span>
     <span class='ocr_line' id='line_1_14' title="bbox 193 1561 1502 1644; baseline 0.001 -21"><span class='ocrx_word' id='word_1_122' title='bbox 193 1562 307 1644; x_wconf 87' lang='lat' dir='ltr'>Filippi</span> <span class='ocrx_word' id='word_1_123' title='bbox 324 1563 362 1624; x_wconf 98' lang='lat' dir='ltr'>de</span> <span class='ocrx_word' id='word_1_124' title='bbox 378 1563 555 1644; x_wconf 90' lang='lat' dir='ltr'>Caphran0,</span> <span class='ocrx_word' id='word_1_125' title='bbox 571 1563 725 1624; x_wconf 87' lang='lat' dir='ltr'>Jordanus</span> <span class='ocrx_word' id='word_1_126' title='bbox 741 1562 863 1640; x_wconf 87' lang='lat' dir='ltr'>Ybelin,</span> <span class='ocrx_word' id='word_1_127' title='bbox 880 1561 1076 1642; x_wconf 89' lang='lat' dir='ltr'>Osmundus,</span> <span class='ocrx_word' id='word_1_128' title='bbox 1088 1563 1294 1642; x_wconf 90' lang='lat' dir='ltr'>Hancherius,</span> <span class='ocrx_word' id='word_1_129' title='bbox 1313 1564 1440 1624; x_wconf 89' lang='lat' dir='ltr'>Mozart.</span> <span class='ocrx_word' id='word_1_130' title='bbox 1457 1598 1502 1607; x_wconf 93' lang='lat'>—</span> 
     </span>
     <span class='ocr_line' id='line_1_15' title="bbox 193 1649 1501 1733; baseline 0.001 -21"><span class='ocrx_word' id='word_1_131' title='bbox 193 1652 304 1713; x_wconf 88' lang='lat' dir='ltr'>Eidem</span> <span class='ocrx_word' id='word_1_132' title='bbox 329 1652 483 1733; x_wconf 93' lang='lat' dir='ltr'>Hospitali</span> <span class='ocrx_word' id='word_1_133' title='bbox 508 1652 691 1730; x_wconf 87' lang='lat' dir='ltr'>Balduinus,</span> <span class='ocrx_word' id='word_1_134' title='bbox 718 1652 867 1732; x_wconf 91' lang='lat' dir='ltr'>quicquid</span> <span class='ocrx_word' id='word_1_135' title='bbox 893 1649 967 1729; x_wconf 89' lang='lat' dir='ltr'>juris</span> <span class='ocrx_word' id='word_1_136' title='bbox 992 1650 1025 1711; x_wconf 95' lang='lat' dir='ltr'>in</span> <span class='ocrx_word' id='word_1_137' title='bbox 1051 1651 1140 1712; x_wconf 89' lang='lat' dir='ltr'>vinea</span> <span class='ocrx_word' id='word_1_138' title='bbox 1166 1653 1270 1729; x_wconf 89' lang='lat' dir='ltr'>habet,</span> <span class='ocrx_word' id='word_1_139' title='bbox 1297 1671 1391 1732; x_wconf 92' lang='lat' dir='ltr'>quam</span> <span class='ocrx_word' id='word_1_140' title='bbox 1418 1653 1501 1713; x_wconf 89' lang='lat' dir='ltr'>dedit</span> 
     </span>
     <span class='ocr_line' id='line_1_16' title="bbox 193 1740 1500 1822; baseline 0.001 -20"><span class='ocrx_word' id='word_1_141' title='bbox 193 1741 364 1803; x_wconf 89' lang='lat' dir='ltr'>Menardus</span> <span class='ocrx_word' id='word_1_142' title='bbox 375 1741 503 1822; x_wconf 89' lang='lat' dir='ltr'>ejusque</span> <span class='ocrx_word' id='word_1_143' title='bbox 522 1761 609 1818; x_wconf 88' lang='lat' dir='ltr'>uxor,</span> <span class='ocrx_word' id='word_1_144' title='bbox 627 1758 656 1802; x_wconf 91' lang='lat' dir='ltr'>et</span> <span class='ocrx_word' id='word_1_145' title='bbox 672 1742 704 1802; x_wconf 93' lang='lat' dir='ltr'>in</span> <span class='ocrx_word' id='word_1_146' title='bbox 721 1741 821 1817; x_wconf 91' lang='lat' dir='ltr'>vinea,</span> <span class='ocrx_word' id='word_1_147' title='bbox 833 1761 912 1821; x_wconf 91' lang='lat' dir='ltr'>quae</span> <span class='ocrx_word' id='word_1_148' title='bbox 924 1740 980 1802; x_wconf 86' lang='lat' dir='ltr'>fuit</span> <span class='ocrx_word' id='word_1_149' title='bbox 991 1741 1122 1802; x_wconf 90' lang='lat' dir='ltr'>Huberti</span> <span class='ocrx_word' id='word_1_150' title='bbox 1135 1741 1334 1821; x_wconf 75' lang='lat' dir='ltr'>patriarchae,</span> <span class='ocrx_word' id='word_1_151' title='bbox 1344 1761 1500 1803; x_wconf 90' lang='lat' dir='ltr'>consensu</span> 
     </span>
     <span class='ocr_line' id='line_1_17' title="bbox 192 1829 1500 1912; baseline -0.001 -20"><span class='ocrx_word' id='word_1_152' title='bbox 192 1830 319 1892; x_wconf 90' lang='lat' dir='ltr'>lordani</span> <span class='ocrx_word' id='word_1_153' title='bbox 336 1832 374 1892; x_wconf 95' lang='lat' dir='ltr'>de</span> <span class='ocrx_word' id='word_1_154' title='bbox 392 1830 535 1912; x_wconf 74' lang='lat' dir='ltr'>Ybeliln),</span> <span class='ocrx_word' id='word_1_155' title='bbox 556 1831 691 1892; x_wconf 90' lang='lat' dir='ltr'>Barisani</span> <span class='ocrx_word' id='word_1_156' title='bbox 717 1831 814 1891; x_wconf 89' lang='lat' dir='ltr'>fratris</span> <span class='ocrx_word' id='word_1_157' title='bbox 831 1846 860 1891; x_wconf 91' lang='lat' dir='ltr'>et</span> <span class='ocrx_word' id='word_1_158' title='bbox 876 1829 1045 1908; x_wconf 72' lang='lat' dir='ltr'>Rtichtldis)</span> <span class='ocrx_word' id='word_1_159' title='bbox 1063 1831 1168 1891; x_wconf 85' lang='lat' dir='ltr'>uxoris</span> <span class='ocrx_word' id='word_1_160' title='bbox 1185 1831 1325 1892; x_wconf 90' lang='lat' dir='ltr'>concedit</span> <span class='ocrx_word' id='word_1_161' title='bbox 1342 1847 1371 1891; x_wconf 90' lang='lat' dir='ltr'>et</span> <span class='ocrx_word' id='word_1_162' title='bbox 1388 1831 1500 1891; x_wconf 88' lang='lat' dir='ltr'>confir-</span> 
     </span>
     <span class='ocr_line' id='line_1_18' title="bbox 193 1919 1500 2001; baseline 0 -21"><span class='ocrx_word' id='word_1_163' title='bbox 193 1935 266 1982; x_wconf 90' lang='lat' dir='ltr'>mat.</span> <span class='ocrx_word' id='word_1_164' title='bbox 284 1954 329 1963; x_wconf 95' lang='lat'>—</span> <span class='ocrx_word' id='word_1_165' title='bbox 344 1921 521 1984; x_wconf 90' lang='lat' dir='ltr'>Guilelmus</span> <span class='ocrx_word' id='word_1_166' title='bbox 532 1920 570 1981; x_wconf 94' lang='lat' dir='ltr'>de</span> <span class='ocrx_word' id='word_1_167' title='bbox 581 1921 758 2001; x_wconf 83' lang='lat' dir='ltr'>CaphranO,</span> <span class='ocrx_word' id='word_1_168' title='bbox 769 1920 917 1981; x_wconf 88' lang='lat' dir='ltr'>Nicolaus</span> <span class='ocrx_word' id='word_1_169' title='bbox 927 1920 965 1980; x_wconf 92' lang='lat' dir='ltr'>de</span> <span class='ocrx_word' id='word_1_170' title='bbox 976 1919 1120 1997; x_wconf 90' lang='lat' dir='ltr'>Ybelin0‚</span> <span class='ocrx_word' id='word_1_171' title='bbox 1132 1919 1309 1982; x_wconf 89' lang='lat' dir='ltr'>Gualterius</span> <span class='ocrx_word' id='word_1_172' title='bbox 1319 1920 1500 1999; x_wconf 86' lang='lat' dir='ltr'>vicecomes,</span> 
     </span>
     <span class='ocr_line' id='line_1_19' title="bbox 193 2007 1500 2090; baseline 0 -20"><span class='ocrx_word' id='word_1_173' title='bbox 193 2009 401 2088; x_wconf 91' lang='lat' dir='ltr'>Osmundius,</span> <span class='ocrx_word' id='word_1_174' title='bbox 413 2010 599 2072; x_wconf 79' lang='lat' dir='ltr'>Ancharius.</span> <span class='ocrx_word' id='word_1_175' title='bbox 617 2010 745 2071; x_wconf 89' lang='lat' dir='ltr'>Factum</span> <span class='ocrx_word' id='word_1_176' title='bbox 755 2027 895 2090; x_wconf 92' lang='lat' dir='ltr'>tempore</span> <span class='ocrx_word' id='word_1_177' title='bbox 906 2009 1003 2070; x_wconf 86' lang='lat' dir='ltr'>fratris</span> <span class='ocrx_word' id='word_1_178' title='bbox 1014 2007 1131 2070; x_wconf 92' lang='lat' dir='ltr'>Oldini.</span> <span class='ocrx_word' id='word_1_179' title='bbox 1141 2010 1160 2087; x_wconf 82' lang='lat'>¹)</span> <span class='ocrx_word' id='word_1_180' title='bbox 1178 2008 1336 2087; x_wconf 86' lang='lat' dir='ltr'>(Delaville</span> <span class='ocrx_word' id='word_1_181' title='bbox 1347 2009 1375 2070; x_wconf 92' lang='lat' dir='ltr'>le</span> <span class='ocrx_word' id='word_1_182' title='bbox 1386 2009 1500 2085; x_wconf 87' lang='lat' dir='ltr'>Rouht,</span> 
     </span>
     <span class='ocr_line' id='line_1_20' title="bbox 194 2097 1501 2180; baseline -0.002 -20"><span class='ocrx_word' id='word_1_183' title='bbox 194 2118 225 2180; x_wconf 92' lang='lat' dir='ltr'>p.</span> <span class='ocrx_word' id='word_1_184' title='bbox 244 2120 407 2179; x_wconf 87' lang='lat'>99—100,</span> <span class='ocrx_word' id='word_1_185' title='bbox 426 2100 485 2160; x_wconf 93' lang='grc' dir='ltr'>Νο.</span> <span class='ocrx_word' id='word_1_186' title='bbox 505 2120 545 2161; x_wconf 88' lang='lat'>20</span> <span class='ocrx_word' id='word_1_187' title='bbox 563 2097 610 2179; x_wconf 85' lang='lat' dir='ltr'>[cf.</span> <span class='ocrx_word' id='word_1_188' title='bbox 629 2119 658 2180; x_wconf 93' lang='lat' dir='ltr'>p.</span> <span class='ocrx_word' id='word_1_189' title='bbox 683 2097 747 2178; x_wconf 81' lang='lat'>16];</span> <span class='ocrx_word' id='word_1_190' title='bbox 773 2101 874 2177; x_wconf 88' lang='lat' dir='ltr'>Prutz,</span> <span class='ocrx_word' id='word_1_191' title='bbox 892 2118 922 2179; x_wconf 89' lang='lat' dir='ltr'>p.</span> <span class='ocrx_word' id='word_1_192' title='bbox 940 2119 992 2178; x_wconf 82' lang='lat'>99,</span> <span class='ocrx_word' id='word_1_193' title='bbox 1010 2099 1071 2160; x_wconf 90' lang='lat' dir='ltr'>No.</span> <span class='ocrx_word' id='word_1_194' title='bbox 1095 2101 1151 2178; x_wconf 84' lang='lat'>19).</span> <span class='ocrx_word' id='word_1_195' title='bbox 1430 2097 1501 2157; x_wconf 80' lang='lat'>419</span> 
     </span>
    </p>
   </div>
   <div class='ocr_carea' id='block_1_5' title="bbox 270 2189 1157 2263">
    <p class='ocr_par' dir='ltr' id='par_1_5' title="bbox 270 2189 1157 2263">
     <span class='ocr_line' id='line_1_21' title="bbox 270 2189 1157 2263; baseline 0 -18"><span class='ocrx_word' id='word_1_196' title='bbox 270 2194 290 2258; x_wconf 91' lang='lat'>¹)</span> <span class='ocrx_word' id='word_1_197' title='bbox 310 2190 431 2246; x_wconf 91' lang='lat' dir='ltr'>Oldinus</span> <span class='ocrx_word' id='word_1_198' title='bbox 445 2191 567 2255; x_wconf 85' lang='lat' dir='ltr'>Rollant,</span> <span class='ocrx_word' id='word_1_199' title='bbox 581 2204 752 2263; x_wconf 89' lang='lat' dir='ltr'>praeceptor</span> <span class='ocrx_word' id='word_1_200' title='bbox 763 2190 878 2262; x_wconf 88' lang='lat' dir='ltr'>Spinae,</span> <span class='ocrx_word' id='word_1_201' title='bbox 891 2189 1091 2262; x_wconf 83' lang='lat' dir='ltr'>intelligendus</span> <span class='ocrx_word' id='word_1_202' title='bbox 1105 2203 1157 2245; x_wconf 91' lang='lat' dir='ltr'>est.</span> 
     </span>
    </p>
   </div>
   <div class='ocr_carea' id='block_1_6' title="bbox 192 2280 1501 2992">
    <p class='ocr_par' dir='ltr' id='par_1_6' title="bbox 192 2280 1501 2992">
     <span class='ocr_line' id='line_1_22' title="bbox 238 2280 1500 2366; baseline -0.001 -21"><span class='ocrx_word' id='word_1_203' title='bbox 238 2283 250 2362; x_wconf 90' lang='lat'>(</span> <span class='ocrx_word' id='word_1_204' title='bbox 288 2329 307 2361; x_wconf 92' lang='lat'><strong>„</strong></span> <span class='ocrx_word' id='word_1_205' title='bbox 347 2280 397 2366; x_wconf 88' lang='lat' dir='ltr'>c..)</span> <span class='ocrx_word' id='word_1_206' title='bbox 413 2319 458 2328; x_wconf 98' lang='lat'><em>-</em></span> <span class='ocrx_word' id='word_1_207' title='bbox 475 2284 642 2362; x_wconf 90' lang='lat' dir='ltr'>Walterus,</span> <span class='ocrx_word' id='word_1_208' title='bbox 658 2285 802 2366; x_wconf 88' lang='lat' dir='ltr'>princeps</span> <span class='ocrx_word' id='word_1_209' title='bbox 817 2283 980 2363; x_wconf 89' lang='lat' dir='ltr'>Galilaeae,</span> <span class='ocrx_word' id='word_1_210' title='bbox 997 2284 1100 2364; x_wconf 87' lang='lat' dir='ltr'>sigillo</span> <span class='ocrx_word' id='word_1_211' title='bbox 1116 2284 1287 2363; x_wconf 87' lang='lat' dir='ltr'>confirmat,</span> <span class='ocrx_word' id='word_1_212' title='bbox 1304 2283 1500 2362; x_wconf 87' lang='lat' dir='ltr'>discordiam,</span> 
     </span>
     <span class='ocr_line' id='line_1_23' title="bbox 193 2373 1500 2454; baseline -0.002 -17"><span class='ocrx_word' id='word_1_213' title='bbox 193 2393 274 2454; x_wconf 90' lang='lat' dir='ltr'>quae</span> <span class='ocrx_word' id='word_1_214' title='bbox 291 2374 483 2454; x_wconf 89' lang='lat' dir='ltr'>aliquamdiu</span> <span class='ocrx_word' id='word_1_215' title='bbox 501 2374 579 2435; x_wconf 88' lang='lat' dir='ltr'>inter</span> <span class='ocrx_word' id='word_1_216' title='bbox 595 2375 762 2436; x_wconf 88' lang='lat' dir='ltr'>canonicos</span> <span class='ocrx_word' id='word_1_217' title='bbox 780 2373 810 2434; x_wconf 90' lang='lat' dir='ltr'>S.</span> <span class='ocrx_word' id='word_1_218' title='bbox 828 2374 990 2454; x_wconf 88' lang='lat' dir='ltr'>Sepulchri</span> <span class='ocrx_word' id='word_1_219' title='bbox 1007 2389 1036 2435; x_wconf 91' lang='lat' dir='ltr'>et</span> <span class='ocrx_word' id='word_1_220' title='bbox 1052 2374 1245 2452; x_wconf 91' lang='lat' dir='ltr'>Guidonem,</span> <span class='ocrx_word' id='word_1_221' title='bbox 1261 2373 1360 2436; x_wconf 85' lang='lat' dir='ltr'>lilium</span> <span class='ocrx_word' id='word_1_222' title='bbox 1377 2375 1500 2435; x_wconf 87' lang='lat' dir='ltr'>Amulli</span> 
     </span>
     <span class='ocr_line' id='line_1_24' title="bbox 193 2463 1500 2543; baseline -0.001 -18"><span class='ocrx_word' id='word_1_223' title='bbox 193 2464 352 2541; x_wconf 92' lang='lat' dir='ltr'>Monachi,</span> <span class='ocrx_word' id='word_1_224' title='bbox 364 2464 542 2543; x_wconf 87' lang='lat' dir='ltr'>agitabatur,</span> <span class='ocrx_word' id='word_1_225' title='bbox 553 2465 703 2526; x_wconf 91' lang='lat' dir='ltr'>sublatam</span> <span class='ocrx_word' id='word_1_226' title='bbox 713 2463 821 2538; x_wconf 79' lang='lat' dir='ltr'>fuisse3</span> <span class='ocrx_word' id='word_1_227' title='bbox 840 2463 1023 2525; x_wconf 90' lang='lat' dir='ltr'>Guidonem</span> <span class='ocrx_word' id='word_1_228' title='bbox 1040 2463 1124 2524; x_wconf 92' lang='lat' dir='ltr'>enim</span> <span class='ocrx_word' id='word_1_229' title='bbox 1139 2463 1235 2524; x_wconf 90' lang='lat' dir='ltr'>casale</span> <span class='ocrx_word' id='word_1_230' title='bbox 1247 2463 1343 2526; x_wconf 88' lang='lat' dir='ltr'>Gibul</span> <span class='ocrx_word' id='word_1_231' title='bbox 1360 2464 1391 2524; x_wconf 93' lang='lat' dir='ltr'>in</span> <span class='ocrx_word' id='word_1_232' title='bbox 1408 2483 1500 2524; x_wconf 91' lang='lat' dir='ltr'>mon-</span> 
     </span>
     <span class='ocr_line' id='line_1_25' title="bbox 194 2552 1500 2632; baseline 0 -19"><span class='ocrx_word' id='word_1_233' title='bbox 194 2553 272 2614; x_wconf 89' lang='lat' dir='ltr'>tanis</span> <span class='ocrx_word' id='word_1_234' title='bbox 288 2553 391 2632; x_wconf 89' lang='lat' dir='ltr'>sitnm,</span> <span class='ocrx_word' id='word_1_235' title='bbox 409 2553 458 2613; x_wconf 92' lang='lat' dir='ltr'>cui</span> <span class='ocrx_word' id='word_1_236' title='bbox 475 2554 575 2615; x_wconf 90' lang='lat' dir='ltr'>vicina</span> <span class='ocrx_word' id='word_1_237' title='bbox 592 2557 718 2615; x_wconf 90' lang='lat' dir='ltr'>suntab</span> <span class='ocrx_word' id='word_1_238' title='bbox 735 2553 896 2615; x_wconf 91' lang='lat' dir='ltr'>occidente</span> <span class='ocrx_word' id='word_1_239' title='bbox 907 2553 1014 2613; x_wconf 84' lang='lat' dir='ltr'>casalia</span> <span class='ocrx_word' id='word_1_240' title='bbox 1025 2552 1170 2631; x_wconf 90' lang='lat' dir='ltr'>Hubelet,</span> <span class='ocrx_word' id='word_1_241' title='bbox 1183 2554 1322 2631; x_wconf 87' lang='lat' dir='ltr'>Dersoet,</span> <span class='ocrx_word' id='word_1_242' title='bbox 1335 2553 1500 2632; x_wconf 89' lang='lat' dir='ltr'>Derlauha,</span> 
     </span>
     <span class='ocr_line' id='line_1_26' title="bbox 193 2641 1499 2724; baseline 0.002 -22"><span class='ocrx_word' id='word_1_243' title='bbox 193 2642 296 2720; x_wconf 77' lang='lat' dir='ltr'>Kaira,</span> <span class='ocrx_word' id='word_1_244' title='bbox 315 2663 331 2702; x_wconf 90' lang='lat' dir='ltr'>a</span> <span class='ocrx_word' id='word_1_245' title='bbox 348 2643 557 2723; x_wconf 88' lang='lat' dir='ltr'>septentrione</span> <span class='ocrx_word' id='word_1_246' title='bbox 568 2643 700 2724; x_wconf 89' lang='lat' dir='ltr'>Coquet,</span> <span class='ocrx_word' id='word_1_247' title='bbox 717 2644 744 2705; x_wconf 93' lang='lat' dir='ltr'>C</span> <span class='ocrx_word' id='word_1_248' title='bbox 760 2641 897 2704; x_wconf 90' lang='lat' dir='ltr'>bisantiis</span> <span class='ocrx_word' id='word_1_249' title='bbox 913 2642 1044 2723; x_wconf 90' lang='lat' dir='ltr'>acceptis</span> <span class='ocrx_word' id='word_1_250' title='bbox 1059 2642 1147 2703; x_wconf 91' lang='lat' dir='ltr'>dictis</span> <span class='ocrx_word' id='word_1_251' title='bbox 1163 2642 1320 2703; x_wconf 90' lang='lat' dir='ltr'>canonicis</span> <span class='ocrx_word' id='word_1_252' title='bbox 1336 2642 1499 2704; x_wconf 88' lang='lat' dir='ltr'>remisisse.</span> 
     </span>
     <span class='ocr_line' id='line_1_27' title="bbox 192 2731 1499 2812; baseline 0 -20"><span class='ocrx_word' id='word_1_253' title='bbox 192 2731 302 2793; x_wconf 90' lang='lat' dir='ltr'>Testes</span> <span class='ocrx_word' id='word_1_254' title='bbox 320 2747 352 2792; x_wconf 95' lang='lat' dir='ltr'>ut</span> <span class='ocrx_word' id='word_1_255' title='bbox 368 2750 462 2812; x_wconf 90' lang='lat' dir='ltr'>supra</span> <span class='ocrx_word' id='word_1_256' title='bbox 474 2733 591 2811; x_wconf 81' lang='lat' dir='ltr'>(N0.4r</span> <span class='ocrx_word' id='word_1_257' title='bbox 601 2732 642 2811; x_wconf 90' lang='lat'>7),</span> <span class='ocrx_word' id='word_1_258' title='bbox 654 2733 708 2794; x_wconf 90' lang='lat' dir='ltr'>sed</span> <span class='ocrx_word' id='word_1_259' title='bbox 719 2733 803 2794; x_wconf 89' lang='lat' dir='ltr'>deest</span> <span class='ocrx_word' id='word_1_260' title='bbox 813 2731 989 2792; x_wconf 91' lang='lat' dir='ltr'>Rodbertus</span> <span class='ocrx_word' id='word_1_261' title='bbox 1001 2732 1224 2812; x_wconf 89' lang='lat' dir='ltr'>Neapolitanus</span> <span class='ocrx_word' id='word_1_262' title='bbox 1235 2731 1385 2811; x_wconf 75' lang='lat' dir='ltr'>(Roziere,</span> <span class='ocrx_word' id='word_1_263' title='bbox 1396 2752 1425 2812; x_wconf 92' lang='lat' dir='ltr'>p.</span> <span class='ocrx_word' id='word_1_264' title='bbox 1438 2734 1499 2793; x_wconf 82' lang='lat'>226</span> 
     </span>
     <span class='ocr_line' id='line_1_28' title="bbox 192 2818 1499 2902; baseline 0 -20"><span class='ocrx_word' id='word_1_265' title='bbox 192 2841 313 2900; x_wconf 87' lang='lat'>—227,</span> <span class='ocrx_word' id='word_1_266' title='bbox 331 2821 392 2882; x_wconf 91' lang='lat' dir='ltr'>N0.</span> <span class='ocrx_word' id='word_1_267' title='bbox 416 2841 491 2902; x_wconf 79' lang='lat'>¹233</span> <span class='ocrx_word' id='word_1_268' title='bbox 517 2821 590 2882; x_wconf 92' lang='lat' dir='ltr'>Lois</span> <span class='ocrx_word' id='word_1_269' title='bbox 608 2819 666 2901; x_wconf 87' lang='lat' dir='ltr'>[ed.</span> <span class='ocrx_word' id='word_1_270' title='bbox 684 2818 836 2902; x_wconf 86' lang='lat' dir='ltr'>Beugnot]</span> <span class='ocrx_word' id='word_1_271' title='bbox 854 2820 888 2899; x_wconf 94' lang='lat' dir='ltr'>ll,</span> <span class='ocrx_word' id='word_1_272' title='bbox 905 2841 935 2902; x_wconf 95' lang='lat' dir='ltr'>p.</span> <span class='ocrx_word' id='word_1_273' title='bbox 951 2841 1133 2901; x_wconf 80' lang='lat'>529-530,</span> <span class='ocrx_word' id='word_1_274' title='bbox 1149 2821 1262 2901; x_wconf 86' lang='lat' dir='ltr'>N0.45</span> <span class='ocrx_word' id='word_1_275' title='bbox 1283 2818 1330 2901; x_wconf 89' lang='lat' dir='ltr'>[ad</span> <span class='ocrx_word' id='word_1_276' title='bbox 1347 2841 1372 2882; x_wconf 93' lang='lat' dir='ltr'>c.</span> <span class='ocrx_word' id='word_1_277' title='bbox 1391 2819 1499 2900; x_wconf 84' lang='lat' dir='ltr'>tt7o];</span> 
     </span>
     <span class='ocr_line' id='line_1_29' title="bbox 194 2908 1501 2992; baseline 0 -22"><span class='ocrx_word' id='word_1_278' title='bbox 194 2910 312 2990; x_wconf 86' lang='lat' dir='ltr'>Migne,</span> <span class='ocrx_word' id='word_1_279' title='bbox 330 2930 360 2991; x_wconf 94' lang='lat' dir='ltr'>p.</span> <span class='ocrx_word' id='word_1_280' title='bbox 385 2912 686 2991; x_wconf 81' lang='lat' dir='ltr'>1215—1216,No.</span> <span class='ocrx_word' id='word_1_281' title='bbox 710 2912 789 2992; x_wconf 82' lang='lat'>123).</span> <span class='ocrx_word' id='word_1_282' title='bbox 1431 2908 1501 2970; x_wconf 79' lang='lat'>420</span> 
     </span>
    </p>
   </div>
   <div class='ocr_carea' id='block_1_7' title="bbox 193 3016 1502 4976">
    <p class='ocr_par' dir='ltr' id='par_1_7' title="bbox 193 3016 1502 4976">
     <span class='ocr_line' id='line_1_30' title="bbox 239 3016 1501 3098; baseline 0 -21"><span class='ocrx_word' id='word_1_283' title='bbox 239 3017 250 3095; x_wconf 84' lang='lat'>(</span> <span class='ocrx_word' id='word_1_284' title='bbox 290 3064 308 3094; x_wconf 94' lang='lat'><strong>„</strong></span> <span class='ocrx_word' id='word_1_285' title='bbox 348 3017 396 3094; x_wconf 74' lang='lat' dir='ltr'>e).</span> <span class='ocrx_word' id='word_1_286' title='bbox 432 3018 465 3078; x_wconf 90' lang='lat' dir='ltr'>ln</span> <span class='ocrx_word' id='word_1_287' title='bbox 489 3018 590 3079; x_wconf 91' lang='lat' dir='ltr'>tabula</span> <span class='ocrx_word' id='word_1_288' title='bbox 614 3018 645 3079; x_wconf 92' lang='lat' dir='ltr'>S.</span> <span class='ocrx_word' id='word_1_289' title='bbox 663 3017 825 3098; x_wconf 88' lang='lat' dir='ltr'>Sepulchri</span> <span class='ocrx_word' id='word_1_290' title='bbox 852 3017 989 3077; x_wconf 87' lang='lat' dir='ltr'>censoria</span> <span class='ocrx_word' id='word_1_291' title='bbox 1013 3035 1236 3078; x_wconf 87' lang='lat' dir='ltr'>enumerantur</span> <span class='ocrx_word' id='word_1_292' title='bbox 1259 3019 1356 3077; x_wconf 91' lang='lat' dir='ltr'>bona:</span> <span class='ocrx_word' id='word_1_293' title='bbox 1382 3016 1501 3077; x_wconf 90' lang='lat' dir='ltr'>lnvico</span> 
     </span>
     <span class='ocr_line' id='line_1_31' title="bbox 195 3106 1500 3188; baseline -0.002 -19"><span class='ocrx_word' id='word_1_294' title='bbox 195 3108 313 3169; x_wconf 90' lang='lat' dir='ltr'>Montis</span> <span class='ocrx_word' id='word_1_295' title='bbox 336 3107 413 3168; x_wconf 87' lang='lat' dir='ltr'>Sion</span> <span class='ocrx_word' id='word_1_296' title='bbox 438 3108 562 3186; x_wconf 90' lang='lat' dir='ltr'>domus,</span> <span class='ocrx_word' id='word_1_297' title='bbox 586 3127 663 3188; x_wconf 92' lang='lat' dir='ltr'>quas</span> <span class='ocrx_word' id='word_1_298' title='bbox 687 3107 801 3167; x_wconf 90' lang='lat' dir='ltr'>habent</span> <span class='ocrx_word' id='word_1_299' title='bbox 820 3106 996 3167; x_wconf 89' lang='lat' dir='ltr'>Willelmus</span> <span class='ocrx_word' id='word_1_300' title='bbox 1019 3106 1172 3185; x_wconf 87' lang='lat' dir='ltr'>Angevin,</span> <span class='ocrx_word' id='word_1_301' title='bbox 1196 3106 1293 3167; x_wconf 89' lang='lat' dir='ltr'>Maria</span> <span class='ocrx_word' id='word_1_302' title='bbox 1316 3106 1500 3186; x_wconf 91' lang='lat' dir='ltr'>Lechevere,</span> 
     </span>
     <span class='ocr_line' id='line_1_32' title="bbox 193 3195 1501 3275; baseline 0 -18"><span class='ocrx_word' id='word_1_303' title='bbox 193 3197 352 3258; x_wconf 86' lang='lat' dir='ltr'>lohannes</span> <span class='ocrx_word' id='word_1_304' title='bbox 368 3196 600 3275; x_wconf 90' lang='lat' dir='ltr'>Libisonorum,</span> <span class='ocrx_word' id='word_1_305' title='bbox 615 3197 733 3274; x_wconf 90' lang='lat' dir='ltr'>Turoz,</span> <span class='ocrx_word' id='word_1_306' title='bbox 752 3195 885 3275; x_wconf 84' lang='lat' dir='ltr'>Mahafe,</span> <span class='ocrx_word' id='word_1_307' title='bbox 902 3195 1005 3274; x_wconf 87' lang='lat' dir='ltr'>Litatt,</span> <span class='ocrx_word' id='word_1_308' title='bbox 1022 3196 1180 3257; x_wconf 88' lang='lat' dir='ltr'>lohannes</span> <span class='ocrx_word' id='word_1_309' title='bbox 1198 3196 1354 3273; x_wconf 85' lang='lat' dir='ltr'>Raimont,</span> <span class='ocrx_word' id='word_1_310' title='bbox 1384 3196 1416 3257; x_wconf 91' lang='lat' dir='ltr'>in</span> <span class='ocrx_word' id='word_1_311' title='bbox 1432 3196 1501 3257; x_wconf 92' lang='lat' dir='ltr'>vico</span> 
     </span>
     <span class='ocr_line' id='line_1_33' title="bbox 195 3284 1501 3367; baseline -0.002 -19"><span class='ocrx_word' id='word_1_312' title='bbox 195 3287 226 3348; x_wconf 91' lang='lat' dir='ltr'>S.</span> <span class='ocrx_word' id='word_1_313' title='bbox 239 3287 379 3348; x_wconf 88' lang='lat' dir='ltr'>Martini:</span> <span class='ocrx_word' id='word_1_314' title='bbox 398 3286 549 3347; x_wconf 85' lang='lat' dir='ltr'>Ricardus</span> <span class='ocrx_word' id='word_1_315' title='bbox 565 3287 703 3367; x_wconf 87' lang='lat' dir='ltr'>Capons,</span> <span class='ocrx_word' id='word_1_316' title='bbox 721 3287 839 3363; x_wconf 88' lang='lat' dir='ltr'>Petrus,</span> <span class='ocrx_word' id='word_1_317' title='bbox 856 3286 969 3364; x_wconf 81' lang='lat' dir='ltr'>Baton,</span> <span class='ocrx_word' id='word_1_318' title='bbox 981 3284 1306 3363; x_wconf 89' lang='lat' dir='ltr'>GuillelmusTortns,</span> <span class='ocrx_word' id='word_1_319' title='bbox 1324 3285 1501 3367; x_wconf 90' lang='lat' dir='ltr'>Stephanus</span> 
     </span>
     <span class='ocr_line' id='line_1_34' title="bbox 194 3374 1500 3457; baseline -0.002 -20"><span class='ocrx_word' id='word_1_320' title='bbox 194 3376 233 3437; x_wconf 89' lang='lat' dir='ltr'>de</span> <span class='ocrx_word' id='word_1_321' title='bbox 250 3376 365 3452; x_wconf 87' lang='lat' dir='ltr'>Kaots;</span> <span class='ocrx_word' id='word_1_322' title='bbox 384 3375 460 3457; x_wconf 89' lang='lat' dir='ltr'>Seyr</span> <span class='ocrx_word' id='word_1_323' title='bbox 476 3375 637 3453; x_wconf 91' lang='lat' dir='ltr'>Surianus,</span> <span class='ocrx_word' id='word_1_324' title='bbox 655 3375 815 3454; x_wconf 81' lang='lat' dir='ltr'>Bulfarage</span> <span class='ocrx_word' id='word_1_325' title='bbox 832 3374 983 3453; x_wconf 91' lang='lat' dir='ltr'>medicus,</span> <span class='ocrx_word' id='word_1_326' title='bbox 1008 3374 1039 3435; x_wconf 90' lang='lat' dir='ltr'>in</span> <span class='ocrx_word' id='word_1_327' title='bbox 1055 3375 1123 3435; x_wconf 89' lang='lat' dir='ltr'>vico</span> <span class='ocrx_word' id='word_1_328' title='bbox 1134 3374 1256 3437; x_wconf 89' lang='lat' dir='ltr'>Girardi</span> <span class='ocrx_word' id='word_1_329' title='bbox 1273 3374 1500 3436; x_wconf 89' lang='lat' dir='ltr'>Lissebonette:</span> 
     </span>
     <span class='ocr_line' id='line_1_35' title="bbox 194 3463 1500 3546; baseline -0.002 -18"><span class='ocrx_word' id='word_1_330' title='bbox 194 3465 216 3528; x_wconf 90' lang='lat' dir='ltr'>S</span> <span class='ocrx_word' id='word_1_331' title='bbox 234 3512 344 3527; x_wconf 91' lang='grc'><strong>.....</strong></span> <span class='ocrx_word' id='word_1_332' title='bbox 349 3513 356 3543; x_wconf 83' lang='grc'>,</span> <span class='ocrx_word' id='word_1_333' title='bbox 383 3465 500 3541; x_wconf 90' lang='lat' dir='ltr'>Petrus,</span> <span class='ocrx_word' id='word_1_334' title='bbox 527 3465 558 3525; x_wconf 93' lang='lat' dir='ltr'>in</span> <span class='ocrx_word' id='word_1_335' title='bbox 582 3466 650 3526; x_wconf 88' lang='lat' dir='ltr'>vico</span> <span class='ocrx_word' id='word_1_336' title='bbox 673 3465 815 3545; x_wconf 91' lang='lat' dir='ltr'>Templi:</span> <span class='ocrx_word' id='word_1_337' title='bbox 843 3464 1018 3526; x_wconf 88' lang='lat' dir='ltr'>Bernardus</span> <span class='ocrx_word' id='word_1_338' title='bbox 1041 3465 1176 3542; x_wconf 90' lang='lat' dir='ltr'>Benasis,</span> <span class='ocrx_word' id='word_1_339' title='bbox 1199 3463 1272 3525; x_wconf 94' lang='lat' dir='ltr'>Odo</span> <span class='ocrx_word' id='word_1_340' title='bbox 1289 3464 1328 3525; x_wconf 91' lang='lat' dir='ltr'>de</span> <span class='ocrx_word' id='word_1_341' title='bbox 1351 3464 1500 3546; x_wconf 89' lang='lat' dir='ltr'>Sparnay,</span> 
     </span>
     <span class='ocr_line' id='line_1_36' title="bbox 193 3553 1501 3634; baseline -0.002 -18"><span class='ocrx_word' id='word_1_342' title='bbox 193 3555 371 3616; x_wconf 87' lang='lat' dir='ltr'>Bernardus</span> <span class='ocrx_word' id='word_1_343' title='bbox 389 3554 532 3631; x_wconf 88' lang='lat' dir='ltr'>Muletez,</span> <span class='ocrx_word' id='word_1_344' title='bbox 548 3555 724 3615; x_wconf 88' lang='lat' dir='ltr'>Bernardus</span> <span class='ocrx_word' id='word_1_345' title='bbox 738 3554 865 3629; x_wconf 89' lang='lat' dir='ltr'>Bruhet,</span> <span class='ocrx_word' id='word_1_346' title='bbox 882 3555 980 3615; x_wconf 89' lang='lat' dir='ltr'>Dame</span> <span class='ocrx_word' id='word_1_347' title='bbox 997 3553 1098 3631; x_wconf 90' lang='lat' dir='ltr'>Gode,</span> <span class='ocrx_word' id='word_1_348' title='bbox 1116 3554 1222 3615; x_wconf 89' lang='lat' dir='ltr'>Petrus</span> <span class='ocrx_word' id='word_1_349' title='bbox 1240 3553 1277 3614; x_wconf 89' lang='lat' dir='ltr'>de</span> <span class='ocrx_word' id='word_1_350' title='bbox 1293 3554 1415 3634; x_wconf 87' lang='lat' dir='ltr'>loppen</span> <span class='ocrx_word' id='word_1_351' title='bbox 1431 3570 1501 3614; x_wconf 88' lang='lat' dir='ltr'>ante</span> 
     </span>
     <span class='ocr_line' id='line_1_37' title="bbox 193 3643 1502 3726; baseline -0.001 -22"><span class='ocrx_word' id='word_1_352' title='bbox 193 3643 342 3726; x_wconf 88' lang='lat' dir='ltr'>palatium</span> <span class='ocrx_word' id='word_1_353' title='bbox 359 3643 558 3724; x_wconf 90' lang='lat' dir='ltr'>patriarchae,</span> <span class='ocrx_word' id='word_1_354' title='bbox 583 3644 614 3704; x_wconf 90' lang='lat' dir='ltr'>in</span> <span class='ocrx_word' id='word_1_355' title='bbox 632 3644 700 3704; x_wconf 90' lang='lat' dir='ltr'>vico</span> <span class='ocrx_word' id='word_1_356' title='bbox 716 3644 754 3705; x_wconf 89' lang='lat' dir='ltr'>de</span> <span class='ocrx_word' id='word_1_357' title='bbox 770 3644 910 3724; x_wconf 89' lang='lat' dir='ltr'>Repoes:</span> <span class='ocrx_word' id='word_1_358' title='bbox 928 3643 1104 3724; x_wconf 91' lang='lat' dir='ltr'>Stephanus</span> <span class='ocrx_word' id='word_1_359' title='bbox 1116 3644 1241 3721; x_wconf 88' lang='lat' dir='ltr'>Mazun,</span> <span class='ocrx_word' id='word_1_360' title='bbox 1253 3643 1354 3704; x_wconf 88' lang='lat' dir='ltr'>Selam</span> <span class='ocrx_word' id='word_1_361' title='bbox 1367 3643 1502 3719; x_wconf 89' lang='lat' dir='ltr'>Mazum,</span> 
     </span>
     <span class='ocr_line' id='line_1_38' title="bbox 193 3731 1501 3812; baseline -0.003 -17"><span class='ocrx_word' id='word_1_362' title='bbox 193 3733 286 3795; x_wconf 90' lang='lat' dir='ltr'>Brain</span> <span class='ocrx_word' id='word_1_363' title='bbox 297 3733 468 3812; x_wconf 86' lang='lat' dir='ltr'>drogeman</span> <span class='ocrx_word' id='word_1_364' title='bbox 487 3748 516 3793; x_wconf 92' lang='lat' dir='ltr'>et</span> <span class='ocrx_word' id='word_1_365' title='bbox 534 3753 617 3794; x_wconf 92' lang='lat' dir='ltr'>unus</span> <span class='ocrx_word' id='word_1_366' title='bbox 635 3732 745 3794; x_wconf 87' lang='lat' dir='ltr'>furnus</span> <span class='ocrx_word' id='word_1_367' title='bbox 762 3749 860 3809; x_wconf 90' lang='lat' dir='ltr'>retro;</span> <span class='ocrx_word' id='word_1_368' title='bbox 878 3733 951 3793; x_wconf 86' lang='lat' dir='ltr'>istae</span> <span class='ocrx_word' id='word_1_369' title='bbox 961 3732 1076 3794; x_wconf 90' lang='lat' dir='ltr'>domus</span> <span class='ocrx_word' id='word_1_370' title='bbox 1087 3732 1211 3794; x_wconf 87' lang='lat' dir='ltr'>fuerunt</span> <span class='ocrx_word' id='word_1_371' title='bbox 1223 3731 1348 3793; x_wconf 87' lang='lat' dir='ltr'>Martini</span> <span class='ocrx_word' id='word_1_372' title='bbox 1357 3732 1501 3793; x_wconf 90' lang='lat' dir='ltr'>Karaone</span> 
     </span>
     <span class='ocr_line' id='line_1_39' title="bbox 195 3819 1501 3903; baseline -0.003 -19"><span class='ocrx_word' id='word_1_373' title='bbox 195 3838 225 3884; x_wconf 94' lang='lat' dir='ltr'>et</span> <span class='ocrx_word' id='word_1_374' title='bbox 241 3821 295 3884; x_wconf 86' lang='lat' dir='ltr'>filii</span> <span class='ocrx_word' id='word_1_375' title='bbox 313 3821 379 3901; x_wconf 91' lang='lat' dir='ltr'>ejus</span> <span class='ocrx_word' id='word_1_376' title='bbox 396 3823 505 3884; x_wconf 88' lang='lat' dir='ltr'>Bonet.</span> <span class='ocrx_word' id='word_1_377' title='bbox 538 3823 624 3885; x_wconf 83' lang='lat' dir='ltr'>Uxor</span> <span class='ocrx_word' id='word_1_378' title='bbox 641 3823 719 3883; x_wconf 87' lang='lat' dir='ltr'>Petri</span> <span class='ocrx_word' id='word_1_379' title='bbox 737 3823 775 3883; x_wconf 92' lang='lat' dir='ltr'>de</span> <span class='ocrx_word' id='word_1_380' title='bbox 793 3822 927 3903; x_wconf 89' lang='lat' dir='ltr'>Yspania</span> <span class='ocrx_word' id='word_1_381' title='bbox 944 3821 1021 3882; x_wconf 91' lang='lat' dir='ltr'>olim</span> <span class='ocrx_word' id='word_1_382' title='bbox 1036 3841 1125 3883; x_wconf 89' lang='lat' dir='ltr'>soror</span> <span class='ocrx_word' id='word_1_383' title='bbox 1142 3821 1172 3882; x_wconf 94' lang='lat' dir='ltr'>S.</span> <span class='ocrx_word' id='word_1_384' title='bbox 1191 3820 1354 3902; x_wconf 91' lang='lat' dir='ltr'>Sepulchri</span> <span class='ocrx_word' id='word_1_385' title='bbox 1370 3820 1402 3882; x_wconf 91' lang='lat' dir='ltr'>in</span> <span class='ocrx_word' id='word_1_386' title='bbox 1420 3819 1501 3899; x_wconf 85' lang='lat' dir='ltr'>ejus-</span> 
     </span>
     <span class='ocr_line' id='line_1_40' title="bbox 194 3910 1501 3992; baseline -0.003 -18"><span class='ocrx_word' id='word_1_387' title='bbox 194 3913 267 3974; x_wconf 92' lang='lat' dir='ltr'>dem</span> <span class='ocrx_word' id='word_1_388' title='bbox 284 3912 376 3973; x_wconf 90' lang='lat' dir='ltr'>horto</span> <span class='ocrx_word' id='word_1_389' title='bbox 386 3912 560 3973; x_wconf 90' lang='lat' dir='ltr'>Acconensi</span> <span class='ocrx_word' id='word_1_390' title='bbox 579 3927 700 3972; x_wconf 89' lang='lat' dir='ltr'>mortua</span> <span class='ocrx_word' id='word_1_391' title='bbox 717 3911 833 3973; x_wconf 92' lang='lat' dir='ltr'>dimisit</span> <span class='ocrx_word' id='word_1_392' title='bbox 843 3911 985 3990; x_wconf 87' lang='lat' dir='ltr'>domum,</span> <span class='ocrx_word' id='word_1_393' title='bbox 997 3930 1077 3991; x_wconf 91' lang='lat' dir='ltr'>quae</span> <span class='ocrx_word' id='word_1_394' title='bbox 1093 3910 1320 3992; x_wconf 90' lang='lat' dir='ltr'>Hierosolymis</span> <span class='ocrx_word' id='word_1_395' title='bbox 1337 3910 1392 3970; x_wconf 90' lang='lat' dir='ltr'>sita</span> <span class='ocrx_word' id='word_1_396' title='bbox 1408 3926 1453 3971; x_wconf 84' lang='lat' dir='ltr'>est</span> <span class='ocrx_word' id='word_1_397' title='bbox 1468 3910 1501 3970; x_wconf 93' lang='lat' dir='ltr'>in</span> 
     </span>
     <span class='ocr_line' id='line_1_41' title="bbox 193 3999 1502 4082; baseline -0.004 -19"><span class='ocrx_word' id='word_1_398' title='bbox 193 4021 270 4081; x_wconf 83' lang='lat' dir='ltr'>ruga</span> <span class='ocrx_word' id='word_1_399' title='bbox 282 4001 471 4082; x_wconf 84' lang='lat' dir='ltr'>Marescallty</span> <span class='ocrx_word' id='word_1_400' title='bbox 489 4001 536 4062; x_wconf 91' lang='lat' dir='ltr'>vel</span> <span class='ocrx_word' id='word_1_401' title='bbox 552 4001 585 4062; x_wconf 90' lang='lat' dir='ltr'>itt</span> <span class='ocrx_word' id='word_1_402' title='bbox 602 4021 677 4080; x_wconf 87' lang='lat' dir='ltr'>ruga</span> <span class='ocrx_word' id='word_1_403' title='bbox 694 4001 724 4062; x_wconf 94' lang='lat' dir='ltr'>S.</span> <span class='ocrx_word' id='word_1_404' title='bbox 735 4001 922 4078; x_wconf 90' lang='lat' dir='ltr'>Anastasiae,</span> <span class='ocrx_word' id='word_1_405' title='bbox 934 4001 1007 4061; x_wconf 92' lang='lat' dir='ltr'>item</span> <span class='ocrx_word' id='word_1_406' title='bbox 1018 4001 1192 4061; x_wconf 88' lang='lat' dir='ltr'>Bernardus</span> <span class='ocrx_word' id='word_1_407' title='bbox 1203 3999 1502 4061; x_wconf 89' lang='lat' dir='ltr'>Bedevvinvicarius</span> 
     </span>
     <span class='ocr_line' id='line_1_42' title="bbox 194 4088 1501 4152; baseline -0.002 0"><span class='ocrx_word' id='word_1_408' title='bbox 194 4108 224 4152; x_wconf 93' lang='lat' dir='ltr'>et</span> <span class='ocrx_word' id='word_1_409' title='bbox 240 4092 392 4152; x_wconf 87' lang='lat' dir='ltr'>confrater</span> <span class='ocrx_word' id='word_1_410' title='bbox 408 4091 510 4151; x_wconf 92' lang='lat' dir='ltr'>eidem</span> <span class='ocrx_word' id='word_1_411' title='bbox 526 4091 694 4152; x_wconf 87' lang='lat' dir='ltr'>conventui</span> <span class='ocrx_word' id='word_1_412' title='bbox 718 4090 833 4151; x_wconf 92' lang='lat' dir='ltr'>dimisit</span> <span class='ocrx_word' id='word_1_413' title='bbox 857 4090 990 4151; x_wconf 92' lang='lat' dir='ltr'>domum</span> <span class='ocrx_word' id='word_1_414' title='bbox 1013 4109 1103 4151; x_wconf 93' lang='lat' dir='ltr'>suam</span> <span class='ocrx_word' id='word_1_415' title='bbox 1128 4090 1161 4151; x_wconf 92' lang='lat' dir='ltr'>in</span> <span class='ocrx_word' id='word_1_416' title='bbox 1184 4090 1251 4151; x_wconf 92' lang='lat' dir='ltr'>vico</span> <span class='ocrx_word' id='word_1_417' title='bbox 1276 4090 1306 4151; x_wconf 92' lang='lat' dir='ltr'>S.</span> <span class='ocrx_word' id='word_1_418' title='bbox 1324 4088 1501 4150; x_wconf 87' lang='lat' dir='ltr'>Anastasiae</span> 
     </span>
     <span class='ocr_line' id='line_1_43' title="bbox 194 4178 1500 4258; baseline -0.002 -16"><span class='ocrx_word' id='word_1_419' title='bbox 194 4180 303 4242; x_wconf 91' lang='lat' dir='ltr'>domui</span> <span class='ocrx_word' id='word_1_420' title='bbox 315 4180 432 4241; x_wconf 90' lang='lat' dir='ltr'>Alberti</span> <span class='ocrx_word' id='word_1_421' title='bbox 442 4180 611 4241; x_wconf 90' lang='lat' dir='ltr'>Lumbardi</span> <span class='ocrx_word' id='word_1_422' title='bbox 622 4180 764 4241; x_wconf 89' lang='lat' dir='ltr'>vicinam.</span> <span class='ocrx_word' id='word_1_423' title='bbox 783 4180 867 4240; x_wconf 90' lang='lat' dir='ltr'>Haec</span> <span class='ocrx_word' id='word_1_424' title='bbox 883 4195 956 4240; x_wconf 90' lang='lat' dir='ltr'>suut</span> <span class='ocrx_word' id='word_1_425' title='bbox 971 4179 1099 4240; x_wconf 91' lang='lat' dir='ltr'>nomina</span> <span class='ocrx_word' id='word_1_426' title='bbox 1109 4179 1306 4258; x_wconf 86' lang='lat' dir='ltr'>singulorum</span> <span class='ocrx_word' id='word_1_427' title='bbox 1317 4178 1500 4240; x_wconf 84' lang='lat' dir='ltr'>furnorum:</span> 
     </span>
     <span class='ocr_line' id='line_1_44' title="bbox 194 4268 1501 4350; baseline -0.002 -20"><span class='ocrx_word' id='word_1_428' title='bbox 194 4270 227 4330; x_wconf 91' lang='lat' dir='ltr'>in</span> <span class='ocrx_word' id='word_1_429' title='bbox 244 4269 313 4330; x_wconf 91' lang='lat' dir='ltr'>vico</span> <span class='ocrx_word' id='word_1_430' title='bbox 330 4269 438 4348; x_wconf 89' lang='lat' dir='ltr'>David,</span> <span class='ocrx_word' id='word_1_431' title='bbox 461 4286 531 4330; x_wconf 90' lang='lat' dir='ltr'>ante</span> <span class='ocrx_word' id='word_1_432' title='bbox 548 4286 667 4350; x_wconf 88' lang='lat' dir='ltr'>portam</span> <span class='ocrx_word' id='word_1_433' title='bbox 685 4269 716 4330; x_wconf 93' lang='lat' dir='ltr'>S.</span> <span class='ocrx_word' id='word_1_434' title='bbox 733 4269 847 4348; x_wconf 86' lang='lat' dir='ltr'>Jacobi,</span> <span class='ocrx_word' id='word_1_435' title='bbox 872 4285 941 4330; x_wconf 90' lang='lat' dir='ltr'>ante</span> <span class='ocrx_word' id='word_1_436' title='bbox 958 4270 1090 4329; x_wconf 94' lang='lat' dir='ltr'>domum</span> <span class='ocrx_word' id='word_1_437' title='bbox 1107 4268 1222 4329; x_wconf 87' lang='lat' dir='ltr'>Roardi</span> <span class='ocrx_word' id='word_1_438' title='bbox 1242 4268 1407 4344; x_wconf 90' lang='lat' dir='ltr'>castellani,</span> <span class='ocrx_word' id='word_1_439' title='bbox 1431 4285 1501 4328; x_wconf 91' lang='lat' dir='ltr'>ante</span> 
     </span>
     <span class='ocr_line' id='line_1_45' title="bbox 194 4357 1501 4439; baseline -0.003 -19"><span class='ocrx_word' id='word_1_440' title='bbox 194 4358 354 4420; x_wconf 89' lang='lat' dir='ltr'>ecclesiam</span> <span class='ocrx_word' id='word_1_441' title='bbox 373 4359 402 4421; x_wconf 92' lang='lat' dir='ltr'>S.</span> <span class='ocrx_word' id='word_1_442' title='bbox 422 4359 556 4436; x_wconf 89' lang='lat' dir='ltr'>Martini,</span> <span class='ocrx_word' id='word_1_443' title='bbox 574 4359 605 4418; x_wconf 90' lang='lat' dir='ltr'>in</span> <span class='ocrx_word' id='word_1_444' title='bbox 622 4359 729 4436; x_wconf 93' lang='lat' dir='ltr'>domo,</span> <span class='ocrx_word' id='word_1_445' title='bbox 747 4378 827 4439; x_wconf 88' lang='lat' dir='ltr'>quae</span> <span class='ocrx_word' id='word_1_446' title='bbox 844 4375 970 4419; x_wconf 90' lang='lat' dir='ltr'>vocatur</span> <span class='ocrx_word' id='word_1_447' title='bbox 986 4357 1133 4420; x_wconf 91' lang='lat' dir='ltr'>Gileberti</span> <span class='ocrx_word' id='word_1_448' title='bbox 1151 4359 1189 4418; x_wconf 93' lang='lat' dir='ltr'>de</span> <span class='ocrx_word' id='word_1_449' title='bbox 1206 4357 1355 4439; x_wconf 87' lang='lat' dir='ltr'>Pingeny,</span> <span class='ocrx_word' id='word_1_450' title='bbox 1378 4357 1416 4418; x_wconf 91' lang='lat' dir='ltr'>de</span> <span class='ocrx_word' id='word_1_451' title='bbox 1433 4357 1501 4418; x_wconf 90' lang='lat' dir='ltr'>vico</span> 
     </span>
     <span class='ocr_line' id='line_1_46' title="bbox 194 4446 1502 4529; baseline -0.002 -19"><span class='ocrx_word' id='word_1_452' title='bbox 194 4448 314 4510; x_wconf 91' lang='lat' dir='ltr'>Montis</span> <span class='ocrx_word' id='word_1_453' title='bbox 330 4448 428 4529; x_wconf 89' lang='lat' dir='ltr'>Syon,</span> <span class='ocrx_word' id='word_1_454' title='bbox 450 4464 520 4509; x_wconf 90' lang='lat' dir='ltr'>ante</span> <span class='ocrx_word' id='word_1_455' title='bbox 544 4448 702 4508; x_wconf 89' lang='lat' dir='ltr'>ecclesiam</span> <span class='ocrx_word' id='word_1_456' title='bbox 727 4448 757 4509; x_wconf 92' lang='lat' dir='ltr'>S.</span> <span class='ocrx_word' id='word_1_457' title='bbox 775 4448 918 4509; x_wconf 88' lang='lat' dir='ltr'>Thomae</span> <span class='ocrx_word' id='word_1_458' title='bbox 934 4447 1194 4527; x_wconf 77' lang='lat' dir='ltr'>Alamannorum,</span> <span class='ocrx_word' id='word_1_459' title='bbox 1220 4446 1329 4509; x_wconf 86' lang='lat' dir='ltr'>furnus</span> <span class='ocrx_word' id='word_1_460' title='bbox 1352 4447 1383 4508; x_wconf 93' lang='lat' dir='ltr'>S.</span> <span class='ocrx_word' id='word_1_461' title='bbox 1400 4447 1502 4526; x_wconf 85' lang='lat' dir='ltr'>Egidii</span> 
     </span>
     <span class='ocr_line' id='line_1_47' title="bbox 194 4535 1502 4619; baseline -0.002 -20"><span class='ocrx_word' id='word_1_462' title='bbox 194 4538 228 4599; x_wconf 93' lang='lat' dir='ltr'>in</span> <span class='ocrx_word' id='word_1_463' title='bbox 244 4538 313 4599; x_wconf 92' lang='lat' dir='ltr'>vico</span> <span class='ocrx_word' id='word_1_464' title='bbox 323 4537 460 4619; x_wconf 90' lang='lat' dir='ltr'>Templi,</span> <span class='ocrx_word' id='word_1_465' title='bbox 477 4553 546 4598; x_wconf 88' lang='lat' dir='ltr'>ante</span> <span class='ocrx_word' id='word_1_466' title='bbox 563 4537 751 4613; x_wconf 90' lang='lat' dir='ltr'>bocheriam,</span> <span class='ocrx_word' id='word_1_467' title='bbox 768 4537 806 4597; x_wconf 91' lang='lat' dir='ltr'>de</span> <span class='ocrx_word' id='word_1_468' title='bbox 822 4538 850 4598; x_wconf 91' lang='lat' dir='ltr'>la</span> <span class='ocrx_word' id='word_1_469' title='bbox 860 4536 1028 4616; x_wconf 87' lang='lat' dir='ltr'>Tannetie,</span> <span class='ocrx_word' id='word_1_470' title='bbox 1040 4536 1182 4597; x_wconf 86' lang='lat' dir='ltr'>Rainaldi</span> <span class='ocrx_word' id='word_1_471' title='bbox 1199 4535 1230 4596; x_wconf 90' lang='lat' dir='ltr'>in</span> <span class='ocrx_word' id='word_1_472' title='bbox 1247 4535 1316 4597; x_wconf 90' lang='lat' dir='ltr'>vico</span> <span class='ocrx_word' id='word_1_473' title='bbox 1332 4535 1502 4614; x_wconf 89' lang='lat' dir='ltr'>Kocatrice,</span> 
     </span>
     <span class='ocr_line' id='line_1_48' title="bbox 193 4625 1502 4707; baseline -0.001 -19"><span class='ocrx_word' id='word_1_474' title='bbox 193 4627 383 4705; x_wconf 89' lang='lat' dir='ltr'>Anastasiae,</span> <span class='ocrx_word' id='word_1_475' title='bbox 401 4627 439 4688; x_wconf 93' lang='lat' dir='ltr'>de</span> <span class='ocrx_word' id='word_1_476' title='bbox 457 4626 584 4707; x_wconf 86' lang='lat' dir='ltr'>Repois,</span> <span class='ocrx_word' id='word_1_477' title='bbox 606 4627 644 4687; x_wconf 91' lang='lat' dir='ltr'>de</span> <span class='ocrx_word' id='word_1_478' title='bbox 660 4626 796 4688; x_wconf 88' lang='lat' dir='ltr'>Judairia</span> <span class='ocrx_word' id='word_1_479' title='bbox 812 4640 882 4686; x_wconf 91' lang='lat' dir='ltr'>ante</span> <span class='ocrx_word' id='word_1_480' title='bbox 899 4641 1021 4706; x_wconf 86' lang='lat' dir='ltr'>portam</span> <span class='ocrx_word' id='word_1_481' title='bbox 1038 4626 1069 4687; x_wconf 92' lang='lat' dir='ltr'>S.</span> <span class='ocrx_word' id='word_1_482' title='bbox 1087 4625 1215 4707; x_wconf 89' lang='lat' dir='ltr'>Helyae,</span> <span class='ocrx_word' id='word_1_483' title='bbox 1233 4625 1265 4686; x_wconf 93' lang='lat' dir='ltr'>in</span> <span class='ocrx_word' id='word_1_484' title='bbox 1281 4625 1405 4688; x_wconf 86' lang='lat' dir='ltr'>ludaria</span> <span class='ocrx_word' id='word_1_485' title='bbox 1421 4642 1502 4687; x_wconf 92' lang='lat' dir='ltr'>retro</span> 
     </span>
     <span class='ocr_line' id='line_1_49' title="bbox 194 4715 1502 4796; baseline -0.003 -17"><span class='ocrx_word' id='word_1_486' title='bbox 194 4716 226 4779; x_wconf 86' lang='lat' dir='ltr'>S.</span> <span class='ocrx_word' id='word_1_487' title='bbox 244 4716 373 4796; x_wconf 79' lang='lat' dir='ltr'>Agnetis</span> <span class='ocrx_word' id='word_1_488' title='bbox 390 4736 496 4777; x_wconf 91' lang='lat' dir='ltr'>versus</span> <span class='ocrx_word' id='word_1_489' title='bbox 512 4715 684 4792; x_wconf 88' lang='lat' dir='ltr'>Orientem,</span> <span class='ocrx_word' id='word_1_490' title='bbox 710 4734 811 4776; x_wconf 89' lang='lat' dir='ltr'>novus</span> <span class='ocrx_word' id='word_1_491' title='bbox 827 4715 860 4776; x_wconf 91' lang='lat' dir='ltr'>in</span> <span class='ocrx_word' id='word_1_492' title='bbox 876 4715 1008 4793; x_wconf 87' lang='lat' dir='ltr'>ludaria,</span> <span class='ocrx_word' id='word_1_493' title='bbox 1033 4715 1158 4776; x_wconf 89' lang='lat' dir='ltr'>Martini</span> <span class='ocrx_word' id='word_1_494' title='bbox 1174 4715 1328 4793; x_wconf 91' lang='lat' dir='ltr'>Karaoan,</span> <span class='ocrx_word' id='word_1_495' title='bbox 1352 4716 1389 4775; x_wconf 94' lang='lat' dir='ltr'>ad</span> <span class='ocrx_word' id='word_1_496' title='bbox 1409 4731 1502 4796; x_wconf 89' lang='lat' dir='ltr'>caput</span> 
     </span>
     <span class='ocr_line' id='line_1_50' title="bbox 194 4803 1501 4885; baseline 0 -20"><span class='ocrx_word' id='word_1_497' title='bbox 194 4806 252 4866; x_wconf 90' lang='lat' dir='ltr'>vici</span> <span class='ocrx_word' id='word_1_498' title='bbox 271 4805 391 4868; x_wconf 87' lang='lat' dir='ltr'>Gitardi</span> <span class='ocrx_word' id='word_1_499' title='bbox 409 4806 447 4867; x_wconf 93' lang='lat' dir='ltr'>de</span> <span class='ocrx_word' id='word_1_500' title='bbox 464 4806 643 4881; x_wconf 89' lang='lat' dir='ltr'>Lissebone,</span> <span class='ocrx_word' id='word_1_501' title='bbox 668 4804 701 4865; x_wconf 95' lang='lat' dir='ltr'>in</span> <span class='ocrx_word' id='word_1_502' title='bbox 718 4805 786 4865; x_wconf 87' lang='lat' dir='ltr'>vico</span> <span class='ocrx_word' id='word_1_503' title='bbox 802 4805 841 4865; x_wconf 95' lang='lat' dir='ltr'>de</span> <span class='ocrx_word' id='word_1_504' title='bbox 857 4804 1054 4879; x_wconf 88' lang='lat' dir='ltr'>Tresmailes,</span> <span class='ocrx_word' id='word_1_505' title='bbox 1078 4806 1116 4865; x_wconf 93' lang='lat' dir='ltr'>de</span> <span class='ocrx_word' id='word_1_506' title='bbox 1139 4803 1206 4864; x_wconf 90' lang='lat' dir='ltr'>vico</span> <span class='ocrx_word' id='word_1_507' title='bbox 1230 4804 1261 4866; x_wconf 90' lang='lat' dir='ltr'>S.</span> <span class='ocrx_word' id='word_1_508' title='bbox 1279 4804 1438 4885; x_wconf 90' lang='lat' dir='ltr'>Stephani,</span> <span class='ocrx_word' id='word_1_509' title='bbox 1463 4804 1501 4865; x_wconf 91' lang='lat' dir='ltr'>de</span> 
     </span>
     <span class='ocr_line' id='line_1_51' title="bbox 194 4893 1501 4976; baseline -0.002 -18"><span class='ocrx_word' id='word_1_510' title='bbox 194 4895 361 4974; x_wconf 92' lang='lat' dir='ltr'>Columba,</span> <span class='ocrx_word' id='word_1_511' title='bbox 379 4897 416 4956; x_wconf 91' lang='lat' dir='ltr'>de</span> <span class='ocrx_word' id='word_1_512' title='bbox 434 4895 577 4957; x_wconf 84' lang='lat' dir='ltr'>Rulleide</span> <span class='ocrx_word' id='word_1_513' title='bbox 594 4893 676 4973; x_wconf 84' lang='lat' dir='ltr'>juxta</span> <span class='ocrx_word' id='word_1_514' title='bbox 693 4894 724 4955; x_wconf 94' lang='lat' dir='ltr'>S.</span> <span class='ocrx_word' id='word_1_515' title='bbox 742 4893 883 4973; x_wconf 90' lang='lat' dir='ltr'>Karitou,</span> <span class='ocrx_word' id='word_1_516' title='bbox 900 4911 969 4954; x_wconf 92' lang='lat' dir='ltr'>ante</span> <span class='ocrx_word' id='word_1_517' title='bbox 986 4908 1107 4976; x_wconf 90' lang='lat' dir='ltr'>portam</span> <span class='ocrx_word' id='word_1_518' title='bbox 1129 4894 1159 4955; x_wconf 92' lang='lat' dir='ltr'>S.</span> <span class='ocrx_word' id='word_1_519' title='bbox 1177 4894 1351 4974; x_wconf 89' lang='lat' dir='ltr'>Sepulchri,</span> <span class='ocrx_word' id='word_1_520' title='bbox 1368 4895 1406 4955; x_wconf 92' lang='lat' dir='ltr'>de</span> <span class='ocrx_word' id='word_1_521' title='bbox 1423 4894 1501 4956; x_wconf 86' lang='lat' dir='ltr'>Cae-</span> 
     </span>
    </p>
   </div>
   <div class='ocr_carea' id='block_1_8' title="bbox 0 0 1705 5400">
    <p class='ocr_par' dir='ltr' id='par_1_8' title="bbox 0 0 1705 5400">
     <span class='ocr_line' id='line_1_52' title="bbox 0 0 1705 5400; baseline 0 0"><span class='ocrx_word' id='word_1_522' title='bbox 0 0 1705 5400; x_wconf 95' lang='lat' dir='ltr'> </span> 
     </span>
    </p>
   </div>
  </div>
 </body>
</html>
