3398 5400
192 339 227 395 46
761 336 922 403 Regesta

192 538 323 598 Tabaria
341 557 411 598 cum
428 538 493 598 aliis
504 538 538 598 lll
556 539 665 599 sociis.
678 584 702 599 ..
717 539 756 599 ad
767 537 948 599 Saladinum
959 539 1167 618 confugerunt
1185 555 1214 599 et
1233 555 1345 620 sponte
1355 538 1498 600 Saraceni

193 628 261 687 lacti
278 627 315 686 de
331 627 417 687 omni
434 647 497 688 esse
514 643 543 686 et
559 628 719 708 proposito
741 641 834 707 atque
856 627 1054 688 continentiis
1077 628 1317 690 christianorum
1344 628 1497 690 instruxe-

192 732 294 776 runt«.
324 714 487 778 Saladinus
503 716 638 796 denique
655 716 835 777 christianos
851 716 989 793 devicit«
1004 717 1217 794 Tochedinus,
1233 717 1373 780 Saladini
1391 737 1497 800 nepos,

192 823 296 882 regem
314 804 417 884 lugam
434 806 627 886 arripientem
646 822 673 866 et
690 824 812 866 crucem
829 805 985 867 Dominici
1008 805 1082 885 ligni
1110 807 1217 886 cepit«
1253 807 1419 868 Saladinus
1436 807 1496 868 vic-

192 895 268 954 toria
285 909 434 974 reportata
450 895 573 975 Templi
591 912 619 955 et
635 895 801 975 Hospitalis
817 894 927 955 milites
937 895 1100 976 decapitari
1117 895 1206 971 jussit
1221 911 1250 956 et
1271 897 1357 977 »ipse
1374 896 1496 978 propria

192 1002 286 1043 manu
303 983 472 1064 principem
491 984 677 1044 llainaldum
694 985 731 1045 de
748 982 933 1045 Castellione
949 984 1127 1046 interfecit«.
1153 984 1274 1046 Deinde
1291 986 1372 1065 cepit
1390 989 1497 1047 urbem

193 1078 351 1132 Acconem
367 1087 396 1132 61
412 1071 578 1147 adjacentia
594 1074 670 1134 loca.
697 1072 794 1146 »sirit
810 1073 865 1152 qui
881 1073 1070 1135 Jerosolimis
1092 1091 1312 1151 remanserant,
1327 1075 1408 1136 sicut
1423 1074 1497 1137 fere·

193 1162 290 1238 batur,
308 1160 434 1222 nuntios
451 1162 489 1221 de
505 1162 659 1223 reddenda
676 1162 793 1223 civitate
810 1161 955 1223 Saladino
972 1163 1162 1224 mittebant«.
1195 1164 1324 1225 Plurimi
1341 1165 1497 1227 christiani

193 1249 231 1310 de
256 1253 331 1312 urbe
346 1255 453 1311 Accon
480 1267 508 1310 et
533 1250 599 1311 aliis
623 1251 698 1312 locis
714 1250 832 1332 Tyrum
857 1251 1075 1332 confugerunt,
1100 1252 1263 1330 Ascalone,
1279 1253 1446 1315 Antiochia
1469 1268 1497 1313 et

193 1339 331 1419 Margato
347 1358 421 1400 cum
435 1355 496 1400 tota
513 1355 589 1401 terra
606 1340 751 1421 principis
767 1340 952 1400 Antiocheni
970 1341 1059 1402 salvis
1075 1341 1314 1403 remanentibus.
1340 1341 1498 1405 Consules

192 1428 224 1488 in
241 1429 301 1488 line
318 1428 446 1508 epistola
462 1449 572 1509 papam
597 1429 737 1511 precibus
753 1444 873 1507 urgent,
895 1445 929 1490 ut
951 1430 1133 1492 christianos
1156 1431 1336 1494 cismarinos
1353 1432 1392 1492 ad
1410 1451 1497 1492 recu-

192 1519 360 1599 perandam
384 1520 492 1578 urbem
518 1537 653 1580 sanctam
670 1518 772 1579 incitet
787 1534 825 1596 et,
851 1538 883 1578 se
899 1517 1049 1581 auxilium
1068 1519 1184 1580 laturos
1209 1539 1284 1597 esse,
1302 1520 1496 1602 pollicentur,

196 1607 285 1667 »licet
308 1608 346 1667 de
370 1607 620 1688 possessionibus
644 1608 741 1668 multa
765 1607 921 1686 sanguinis
953 1608 1104 1669 effusione
1134 1607 1286 1685 majorum
1320 1624 1498 1672 nostrorum

194 1696 287 1778 partis
305 1715 359 1777 per
384 1714 484 1757 novos
507 1696 660 1775 dominos,
684 1697 738 1777 qui
761 1716 817 1757 nec
835 1697 936 1757 Deum
952 1697 1059 1758 timere
1075 1697 1258 1758 videbantur
1281 1718 1338 1760 nec
1357 1699 1498 1761 homines

194 1785 333 1861 revereri,
349 1785 382 1844 in
399 1785 535 1866 partibus
550 1786 610 1848 illis
626 1785 769 1863 injuriam
786 1786 937 1866 patiamur
960 1806 1017 1847 nec
1042 1786 1136 1848 ullam
1153 1787 1255 1847 adhuc
1270 1788 1345 1848 inde
1362 1788 1497 1868 potueri-

192 1893 264 1935 mus
290 1874 439 1954 consequi
463 1872 666 1955 rationemtl)
697 1873 737 1952 (E
759 1875 865 1935 codice
888 1874 1057 1936 Oxoniensi
1082 1875 1122 1937 St.
1139 1876 1220 1937 John
1241 1875 1320 1939 Coll.
1344 1877 1405 1939 No.
1429 1897 1496 1956 115,

191 1962 257 2023 Fol.
279 1965 336 2041 146
354 1964 400 2024 ed.
417 1963 537 2044 Hampe
554 1964 586 2024 in
602 1965 640 2026 N.
656 1964 768 2025 Archiv
790 1966 881 2043 1897,
897 1964 989 2041 XXII,
1006 1986 1034 2043 p.
1052 1960 1248 2046 278-280).
1411 1964 1497 2025 664·

285 2048 302 2115 ¹)
317 2047 398 2114 Quae
412 2046 589 2118 haeepistola
604 2049 639 2102 de
652 2048 731 2101 clade
742 2047 901 2103 Hattinensi
916 2047 1136 2103 christianorum
1146 2061 1298 2102 narrantur
1310 2048 1416 2119 partim
1427 2065 1496 2103 con-

192 2130 307 2198 gruunt,
332 2117 434 2188 partim
457 2132 616 2189 repugnant
638 2118 687 2187 eis,
716 2135 790 2191 quae
810 2118 926 2191 optimis
946 2117 1071 2174 fontibus
1091 2118 1225 2174 historiae
1249 2119 1292 2174 usi
1312 2120 1495 2192 exposuimus

193 2206 221 2243 tn
234 2189 292 2243 RK.
307 2205 333 2258 p.
346 2191 496 2259 430-446.

241 2281 327 2342 1187
345 2282 468 2344 Octobr.
484 2283 570 2364 Tyri.
585 2315 627 2324 -
645 2283 678 2343 ln
695 2284 798 2344 charta
808 2282 956 2361 Conradi,
966 2283 1156 2347 marchionis
1170 2286 1287 2349 Montis
1300 2286 1411 2363 ferrati,
1422 2306 1497 2368 ruga

193 2370 222 2433 S.
238 2370 381 2447 Julianill
398 2388 589 2434 memoratur.
1429 2374 1499 2435 665

288 2457 305 2513 'l
319 2454 409 2527 Hujus
424 2454 547 2512 nominis
561 2455 589 2509 in
604 2455 660 2510 RH.
675 2456 731 2510 No.
746 2473 798 2525 540
811 2455 927 2510 ecclesia
941 2454 1213 2528 Hierosolymitana,
1233 2457 1261 2512 in
1275 2458 1330 2513 No.
1344 2477 1378 2533 93
1392 2459 1498 2530 Hospi-

194 2526 248 2581 tale
269 2516 474 2582 Tiberiadense
497 2540 524 2581 et
547 2540 621 2581 terra
643 2527 768 2594 [Eracles
789 2525 850 2595 208)
873 2540 1066 2598 memoratur3
1089 2529 1221 2599 Margato
1243 2528 1369 2585 vicinum
1389 2544 1434 2585 est
1447 2531 1499 2586 Bet

195 2596 349 2668 Dschaljan
363 2599 483 2663 (ZDPV.
498 2598 571 2662 XIV,
586 2615 612 2668 p.
628 2599 698 2671 233).

237 2689 340 2775 (1188
356 2688 487 2772 Jan.).—
504 2693 640 2774 Epistola
656 2692 785 2771 Tetrici,
801 2692 924 2775 Templi
940 2694 1045 2772 magni
1062 2695 1276 2776 praeceptoris,
1293 2694 1325 2756 in
1339 2696 1376 2758 D.
1386 2696 1469 2758 Cart.
1479 2696 1499 2772 l,

196 2803 225 2863 p.
245 2802 316 2861 527,
333 2783 392 2845 Νο.
409 2783 482 2861 847.
1430 2784 1499 2844 669

238 2883 250 2969 (
295 2936 314 2967 „
360 2910 384 2951 c.
401 2886 511 2967 Febr.).
526 2891 544 2927 *
562 2890 696 2971 Epistola
715 2890 858 2951 Friderici
874 2891 884 2950 l
901 2891 1003 2971 spuria
1029 2891 1065 2950 ad
1084 2890 1265 2952 Saladirtum
1284 2893 1402 2973 'scripta
1418 2914 1498 2974 quo-

192 2997 255 3057 que
280 2993 373 3040 exstat
397 2979 428 3039 in
454 2978 571 3040 Codice
596 2978 767 3040 Oxoniensi
795 2978 837 3055 (S.
853 2978 1002 3039 lobannis
1027 2978 1136 3058 colleg.
1157 2980 1217 3041 No,
1240 3000 1308 3060 115,
1333 2981 1401 3043 Fol.
1424 2984 1497 3062 1463

195 3066 232 3128 cf.
249 3067 285 3129 N.
302 3068 417 3128 Archiv
439 3069 530 3145 1897,
555 3068 648 3145 XXll,
673 3088 703 3149 p.
721 3064 797 3145 277)
826 3086 855 3128 et
880 3068 911 3128 in
937 3067 1052 3129 Giraldi
1079 3069 1288 3147 Cambrensis,
1313 3069 1407 3153 Opet.
1425 3071 1499 3146 Vlll,

192 3177 222 3237 p.
240 3155 443 3234 267-269);
461 3157 499 3217 cf.
515 3156 716 3218 Dobeneclrer
732 3157 766 3234 ll,
783 3157 859 3236 Reg.
876 3157 1029 3235 Thuring.
1046 3158 1105 3220 No.
1124 3160 1195 3227 786.
1431 3159 1494 3220 671

241 3260 328 3321 1188
345 3263 432 3324 Mart.
451 3262 606 3323 2-1189
625 3264 711 3326 Febr.
732 3266 780 3326 18.
794 3298 837 3309 -
854 3263 990 3345 Epistola
1006 3287 1023 3325 a
1038 3263 1184 3325 Saladino
1195 3264 1372 3327 Fridericol
1389 3269 1499 3350 scripta

194 3371 323 3431 quoque
340 3366 433 3412 exstat
449 3353 482 3412 in
498 3353 616 3414 Giraldi
633 3352 829 3414 Cambrensis
845 3352 937 3435 Opet.
956 3353 1031 3430 Vlll,
1047 3374 1076 3434 p.
1095 3355 1269 3423 267—272
1294 3371 1321 3416 et
1345 3377 1498 3420 memora-

192 3457 242 3502 mr
257 3441 288 3502 in
306 3440 444 3501 William
460 3442 552 3522 Wey,
569 3442 710 3519 ltinerat,
728 3442 917 3520 Roxburghe
933 3441 1015 3504 Club
1032 3444 1090 3505 No.
1108 3445 1159 3522 76,
1176 3464 1204 3524 p.
1232 3445 1300 3506 126.
1429 3444 1499 3506 672

281 3594 299 3625 ,,
345 3547 426 3629 Sept.
446 3566 495 3609 20.
511 3548 595 3630 Tyri.
612 3582 655 3592 —
673 3548 809 3630 Epistola
830 3548 977 3628 Conradi,
1001 3549 1188 3613 marchionis
1212 3551 1444 3631 Montisferrati,
1467 3554 1499 3614 in

194 3636 231 3698 D.
248 3636 328 3699 Cart.
345 3637 365 3715 l,
382 3658 410 3718 p.
431 3657 614 3717 531-532,
630 3638 690 3698 No.
708 3639 781 3717 858.
1430 3641 1499 3702 676

238 3741 246 3818 1
293 3789 310 3819 ,,
355 3742 453 3822 Nou).
470 3776 513 3786 -·-
529 3743 665 3825 Epistola
684 3744 894 3823 Hermengeri,
911 3745 1078 3826 Hospitalis
1094 3745 1270 3827 provisoris,
1286 3746 1318 3808 in
1336 3748 1374 3812 D.
1384 3748 1468 3811 Cart.
1478 3750 1498 3827 l,

193 3851 222 3912 p.
243 3851 313 3911 549,
330 3832 389 3893 No,
407 3834 480 3913 803.
1429 3836 1499 3898 678

242 3919 329 3978 1189
345 3921 432 3982 Mart.
443 3955 485 3964 -
496 3921 800 4000 BohemundusllVl,
810 3943 913 3984 comes
921 3923 1231 4004 Tripolitanus,srlius
1242 3924 1443 3989 Bohemundi
1454 3927 1499 4005 Ill,

192 4009 339 4091 principis
357 4011 548 4087 Antiochiae,
565 4011 808 4089 HermengardO,
824 4011 991 4094 Hospitalis
1008 4013 1163 4092 magistro,
1179 4015 1304 4075 hortum
1323 4016 1407 4077 dela
1424 4015 1498 4080 Glo-

192 4099 275 4176 rieta,
287 4097 304 4170 'l
322 4099 376 4179 qui
393 4099 479 4160 matri
497 4099 695 4161 antecessoris
711 4100 769 4177 sui,
787 4100 907 4162 comitis
923 4101 1099 4183 Raymundi
1118 4101 1264 4180 defuncti,
1280 4103 1389 4184 fuerat,
1406 4107 1499 4168 donat

193 4186 241 4264 (D.
257 4187 337 4249 Cart.
355 4189 374 4265 l,
389 4210 418 4269 p.
442 4208 477 4268 55
485 4209 513 4269 3,
529 4189 588 4250 Νο.
606 4190 686 4265 8713
705 4189 821 4250 lnvent.
838 4209 867 4270 p.
885 4211 937 4266 71,
952 4191 1015 4253 No.
1036 4192 1115 4270 174).
1415 4193 1499 4255 679⁵

285 4273 303 4342 ¹)
318 4272 373 4340 Qui
386 4286 506 4326 vocatur
518 4272 545 4326 in
559 4272 617 4326 RH.
632 4273 867 4344 No.1229(lllart.
881 4276 972 4346 1155);
986 4273 1020 4328 cf.
1030 4274 1087 4329 RH.
1097 4274 1151 4329 Νο.
1159 4276 1227 4345 418;
1240 4274 1325 4331 Arch.
1335 4278 1372 4332 de
1379 4276 1499 4334 l'Oriem

192 4341 239 4397 lat.
253 4344 314 4397 llA
357 4385 364 4398 .
433 4388 438 4398 .

283 4360 477 4515 „’p0dt3dbr.
498 4459 544 4500 11.
560 4471 602 4482 -
620 4437 765 4499 Clemens
782 4437 817 4498 lll
843 4438 912 4519 (Nl,
938 4440 1086 4522 episcopo
1111 4440 1268 4518 Valeniae,
1298 4445 1437 4522 mandat,
1467 4462 1499 4506 ut

193 4526 354 4603 examinet,
384 4547 462 4589 num
494 4527 740 4609 emphyteosis,¹)
767 4547 829 4607 qua
855 4531 947 4590 abbas
973 4529 1150 4591 monasterii
1175 4529 1205 4593 S.
1232 4530 1349 4593 Mariae
1375 4533 1498 4596 Latinae

285 4701 303 4759 1')
317 4699 360 4753 De
373 4698 426 4752 hac
439 4699 618 4771 emphyteosi
632 4700 726 4754 adhuc
739 4713 851 4755 tantum
865 4700 1008 4773 scivimus,
1030 4717 1105 4773 quae
1118 4702 1147 4757 in
1160 4702 1218 4757 RH.
1233 4703 1290 4759 No.
1309 4707 1419 4776 116461
1436 4725 1463 4780 ¹3
1482 4718 1498 4760 o

193 4781 399 4838 memorantur,
413 4771 488 4824 unde
503 4771 707 4841 corrigendum
721 4784 779 4827 est:
800 4772 899 4826 Turris
912 4774 1002 4828 rubea
1014 4775 1077 4844 (pro
1093 4774 1268 4843 Turricleal;
1290 4773 1325 4829 cf.
1340 4725 1498 4837 ZDPV.it.

191 4857 220 4911 1)·
235 4858 382 4913 252-256·
