3398 5400
203 328 264 394 206
766 320 943 396 Regesta

202 546 346 626 magister
369 546 539 623 Albericus,
564 545 708 624 magister
731 544 895 621 Radullus,
920 545 1064 605 ecclesiae
1081 543 1272 605 Acconensis
1293 542 1463 604 canonicus
1480 558 1509 603 et

200 637 229 698 T
231 636 349 718 yrensis
366 634 574 696 thesaurarius
590 633 684 711 (Paoli
702 634 722 713 l,
741 654 769 715 p.
789 636 929 713 89-90,
948 634 1007 694 No.
1027 636 1085 714 843
1110 634 1149 695 cl.
1167 653 1195 714 p.
1218 633 1300 713 514).
1438 627 1504 690 771

250 750 339 811 1200
354 753 425 813 lun.
442 785 486 794 —
502 752 708 813 Boamundus
724 752 773 830 lV,
799 753 941 833 princeps
958 750 1186 827 Antiochenus,
1204 749 1314 810 domui
1330 748 1508 810 Theutoni-

202 862 310 903 corum
329 842 460 902 liberum
478 841 700 902 commercium
718 841 841 921 scilicet,
853 858 887 902 ut
897 860 1103 921 quaecunque
1122 840 1192 900 usui
1210 857 1320 899 eorum
1338 837 1508 899 necessaria

200 946 284 1007 sunt,
302 930 333 991 in
351 945 416 991 toto
434 930 607 1011 principatu
623 930 718 991 libere
735 946 841 991 emant
857 947 886 992 et
901 931 1046 1008 vendant,
1070 929 1213 990 concedit
1230 944 1258 989 et
1274 926 1376 1006 sigillo
1393 926 1508 988 confir-

200 1036 272 1081 mat.
290 1053 333 1063 —
350 1019 505 1098 Rogerius
521 1020 776 1097 constabularius,
802 1022 909 1081 Petrus
926 1021 964 1080 de
981 1018 1183 1094 Ravende110,
1208 1017 1365 1078 Johannes
1386 1016 1424 1077 de
1442 1015 1508 1077 Sal-

200 1110 309 1190 quino,
327 1108 490 1170 Richerius
506 1109 544 1169 de
559 1109 731 1185 Ermiuato,
743 1109 815 1169 Odo
827 1110 864 1170 de
876 1109 982 1186 Maire,
994 1108 1089 1187 Hugo
1101 1108 1138 1168 de
1149 1107 1326 1186 Flauncurt,
1337 1105 1507 1167 Nicholaus

199 1200 315 1279 Jalnus,
333 1198 521 1259 Guillelmus
539 1199 576 1259 de
594 1199 704 1276 Insula,
721 1198 871 1260 Ricardus
889 1199 926 1259 de
945 1196 1132 1278 Angervilla,
1150 1196 1304 1257 Radulfus
1321 1196 1359 1256 de
1376 1194 1507 1272 Riveria,

200 1287 352 1348 Paschalis
370 1288 407 1348 de
424 1287 536 1348 Seona.
563 1288 678 1348 Datum
695 1307 749 1368 per
765 1307 893 1348 manum
912 1286 1078 1348 Alexandri
1098 1285 1268 1347 cancellarii
1293 1284 1380 1366 (Rey‚
1398 1303 1428 1365 p.
1449 1302 1505 1364 a5;

200 1377 370 1458 Altpreuss.
383 1378 588 1437 Monatsschr.
606 1377 687 1455 XIX,
705 1397 735 1457 p.
748 1378 934 1456 647-648,
947 1378 1006 1438 No.
1025 1397 1033 1436 r
1048 1395 1055 1452 ;
1074 1395 1104 1457 p.
1118 1377 1191 1456 637,
1201 1375 1262 1435 No,
1274 1376 1311 1448 63
1329 1374 1367 1434 cf.
1378 1373 1505 1434 Forsch.

198 1467 279 1544 XXl,
298 1486 327 1547 p.
344 1485 421 1546 499,
438 1467 498 1527 No,
522 1466 557 1543 r).
1437 1458 1506 1521 772

281 1627 301 1659 ,,
349 1587 440 1662 Aug,
473 1582 663 1644 ind.lll.—
684 1582 869 1661 Monachus,
896 1582 1064 1663 patriarcha
1090 1580 1408 1663 Hierosolymitanus,
1435 1599 1505 1640 cum

200 1672 361 1733 Willelmo
376 1672 414 1733 de
424 1671 609 1751 Amigdaleo
625 1671 755 1751 ejusque
773 1692 868 1733 uxore
879 1676 1011 1752 Agnete,
1023 1671 1083 1732 filia
1101 1671 1220 1732 comitis
1230 1669 1385 1747 loscelini,
1401 1687 1504 1730 coram

198 1761 354 1822 Aimerico
372 1761 395 1821 ll
419 1781 490 1841 rege
514 1778 542 1822 et
565 1761 719 1822 Rainaldo
742 1761 886 1842 Sydonis,
910 1760 1066 1823 avunculo
1090 1760 1261 1841 praedictae
1285 1759 1443 1835 dominae,
1468 1759 1504 1819 de

199 1850 287 1911 casali
304 1851 372 1912 Jeth
388 1851 407 1925 ¹)
424 1851 555 1930 ejusque
572 1849 692 1928 juribus
709 1867 738 1911 et
755 1850 956 1932 pertinentiis,
975 1849 1071 1931 ipsius
1088 1866 1116 1910 et
1133 1850 1212 1928 regis
1229 1848 1337 1927 sigillis
1347 1847 1504 1929 appositis,

199 1940 461 2021 compositionem
479 1939 556 2001 facit.
568 1973 611 1983 -
623 1940 796 2001 himericus
812 1959 874 2017 rex,
892 1938 1063 2000 Rainaldus
1080 1939 1224 2020 Sydonis,
1235 1938 1393 1999 Johannes
1410 1956 1503 1997 cone-

198 2029 324 2104 stabilis,
341 2029 498 2089 Johannes
516 2029 727 2107 marescalcus,
749 2029 895 2090 Tetricus
912 2029 950 2089 de
967 2028 1058 2103 Orca,
1075 2029 1217 2090 Villanus
1234 2028 1271 2088 de
1290 2028 1414 2108 AlnetO,
1437 2025 1503 2086 Bal-

199 2119 316 2180 duinus
340 2119 378 2178 de
402 2118 547 2195 Bethsan,
571 2119 671 2179 Adam
696 2120 817 2196 Costae,
840 2117 1020 2179 Willelmus
1043 2118 1080 2178 de
1104 2118 1191 2178 Petra
1218 2117 1378 2194 (Strehllre,
1405 2135 1436 2197 p.
1456 2135 1503 2196 30,

198 2208 258 2269 No.
279 2208 340 2288 37).
1436 2202 1504 2264 773

274 2314 294 2378 ¹)
314 2308 358 2363 Cf.
372 2325 457 2379 supra
472 2308 527 2363 No.
541 2309 573 2363 62
577 2325 602 2378 5.

280 2466 300 2497 ‚,
348 2426 429 2499 Aug.
453 2423 571 2480 Accon.
589 2453 632 2462 —
648 2419 832 2500 hymericus
856 2420 889 2496 ll,
914 2439 965 2480 rex
988 2417 1292 2500 Hierosolymitanus
1313 2433 1342 2479 et
1358 2417 1503 2499 Cyprius,

199 2511 330 2572 Paulum
348 2526 376 2570 et
393 2509 516 2570 fratrem
533 2507 609 2586 ejus,
627 2508 707 2569 lilios
723 2509 909 2569 Theoderici
922 2510 959 2569 de
973 2508 1108 2588 Sarepta,
1126 2507 1158 2568 in
1175 2508 1259 2568 curia
1275 2509 1355 2588 regis
1372 2509 1503 2569 domum

197 2619 270 2660 curn
288 2601 379 2661 horto
396 2614 424 2659 et
437 2598 639 2680 pertinentiis,
652 2617 732 2678 quae
744 2598 848 2659 fratres
858 2598 1048 2659 Theutonici
1066 2618 1101 2658 ex
1113 2597 1199 2657 dono
1211 2599 1373 2677 quondam
1384 2596 1504 2658 comitis

197 2689 324 2750 Henrici
348 2704 377 2749 et
401 2688 505 2748 uxoris
529 2687 672 2748 lsabellae
696 2687 772 2769 Tyri
796 2688 980 2765 tenebant,¹)
1007 2688 1061 2749 CC
1085 2686 1220 2746 bisantiis
1246 2686 1377 2768 acceptis
1402 2687 1502 2747 eidem

197 2778 341 2859 hospitali
358 2777 553 2855 concessisse,
570 2775 672 2855 sigillo
689 2776 860 2838 confirmat.
871 2811 916 2820 —
931 2776 1112 2857 Raynaldus
1127 2775 1273 2857 Sydonis,
1290 2776 1451 2836 Johannes
1466 2775 1503 2835 de

197 2867 343 2944 Ybelin0,
371 2865 457 2945 regni
483 2866 738 2945 constabularius,
764 2866 937 2927 Balduinus
961 2867 999 2926 de
1022 2865 1143 2943 Bersan,
1162 2863 1291 2927 Vilanus
1315 2865 1352 2925 de
1377 2862 1501 2941 Alnem,

196 2956 342 3018 Terricus
359 2957 396 3016 de
413 2956 538 3016 Teucro
562 2971 680 3034 monte,
703 2955 872 3031 Johannes,
896 2955 999 3034 regius
1023 2954 1235 3031 marescalcus,
1262 2954 1362 3015 Adam
1381 2954 1501 3027 Costae,

196 3046 376 3106 Willelmus
393 3046 430 3105 de
448 3045 543 3121 Petra,
568 3044 685 3105 Aimon
703 3045 826 3123 Daus2)
859 3046 972 3106 Datum
998 3064 1052 3125 per
1075 3061 1205 3104 manum
1228 3043 1330 3122 Joscii,
1354 3041 1501 3125 Tyrensis

196 3134 418 3216 archiepiscopi
427 3134 579 3213 regnique
587 3133 759 3195 cancellarii
769 3134 927 3213 (Strehlke,
936 3153 965 3215 p.
978 3153 1106 3213 29—30,
1116 3134 1175 3194 No.
1187 3133 1242 3212 36;
1255 3132 1292 3193 cl.
1302 3151 1332 3213 p.
1342 3154 1350 3193 r
1360 3133 1422 3212 24).
1435 3127 1502 3190 774

272 3240 290 3307 ¹)
310 3235 354 3289 Cf.
368 3253 452 3306 supra
467 3236 521 3290 No.
535 3253 596 3307 722.
671 3239 693 3304 ⁹)
712 3234 835 3305 EracleS,
849 3254 875 3307 p.
890 3254 951 3308 312,
966 3248 1031 3307 317:
1045 3234 1142 3306 d'Ays.

278 3393 297 3426 „
344 3349 455 3409 Octob.
481 3367 527 3426 12,
544 3347 609 3409 ind.
622 3347 671 3409 IV.
697 3352 804 3409 Accon
822 3348 853 3409 iu
871 3347 983 3429 palatio
1001 3348 1031 3409 S.
1045 3347 1158 3408 Mariae
1176 3347 1311 3408 Latinae.
1328 3380 1373 3389 —
1389 3344 1501 3407 Tebal-

196 3439 266 3517 dus,
284 3439 450 3520 episcopus
461 3437 663 3517 Acconensis,
680 3438 863 3498 consulibus
880 3437 1065 3498 Pisanorum
1076 3437 1217 3499 Guidoni
1229 3436 1353 3516 Pagani,
1364 3435 1501 3497 Henrico

197 3526 337 3608 Magialis
356 3542 386 3587 et
402 3527 507 3606 Ugoni
531 3525 723 3587 Leimattilde
748 3542 866 3608 praeter
888 3526 945 3586 alia
962 3526 1027 3604 jura
1044 3526 1194 3604 concedit,
1219 3543 1261 3603 ut,
1279 3525 1304 3586 si
1321 3527 1359 3586 ab
1376 3524 1500 3586 ecclesia

196 3618 226 3679 S.
237 3616 393 3678 Laurentii
410 3635 511 3695 usque
528 3616 565 3675 ad
583 3631 702 3695 portam
722 3632 858 3676 tarsanae
875 3632 913 3695 et,
932 3632 1024 3697 prout
1040 3636 1056 3676 a
1073 3615 1169 3697 capite
1186 3615 1313 3676 Furoris
1329 3615 1501 3676 extenditur

196 3708 342 3786 usquead
352 3708 488 3784 burgum
500 3722 628 3782 novum,
637 3705 768 3766 Pisanus
778 3705 915 3785 aliquam
923 3706 1163 3786 desponsaverit,
1172 3706 1209 3765 ad
1220 3703 1380 3765 ecclesiam
1389 3702 1500 3765 SPetri

195 3797 380 3858 Pisanornm
402 3796 590 3876 desponsare
613 3793 710 3873 liceat,
734 3795 818 3855 salvo
841 3811 944 3856 tamen
968 3794 1034 3872 jure
1058 3794 1240 3875 parrochiali
1264 3793 1293 3854 S.
1312 3794 1456 3854 Andreae
1472 3806 1500 3852 et

194 3886 225 3947 S.
243 3885 402 3947 Michaelis
419 3882 627 3945 ecclesiarum.
667 3884 813 3944 Ceterum
838 3884 1026 3964 quibusdam
1050 3885 1116 3945 aliis
1139 3883 1374 3944 conditionibus
1398 3882 1430 3943 in
1446 3901 1500 3942 sua

194 3975 320 4036 ecclesia
345 3993 448 4035 sacros
474 3973 549 4034 ritus
574 3973 686 4033 habere
712 3973 853 4033 concedit
879 3989 907 4033 et
932 3973 1034 4053 sigillo
1061 3973 1232 4033 confirmat.
1258 4005 1302 4015 -
1327 3971 1498 4048 Bandinus,

194 4063 415 4126 Anteradensis
432 4062 556 4140 electus,
568 4061 741 4140 Cervasius,
753 4063 943 4123 Acconensis
960 4062 1104 4124 ecclesiae
1121 4062 1367 4139 archidiaconus,
1379 4060 1498 4122 Rodul-

195 4154 245 4215 fus
261 4169 450 4234 praeceptor,
460 4153 480 4229 ¹)
503 4151 660 4212 Johannes
677 4151 896 4230 thesaurarius,
920 4152 1087 4230 Rodullus,
1111 4152 1260 4233 Tyrensis
1281 4151 1498 4226 thesaurarius,

194 4242 356 4304 Albericus
381 4240 561 4322 Riccardus,
587 4239 757 4319 Albericus,
783 4241 890 4302 Petrus
914 4240 1053 4319 Amaldi,
1079 4241 1237 4301 Johannes
1260 4239 1497 4319 Longobardus,

194 4332 351 4393 Johannes
368 4332 405 4392 de
422 4331 607 4404 Jerusalem;
625 4331 662 4391 de
674 4330 807 4390 Pisanis:
826 4331 937 4391 Simon
953 4330 1139 4408 Cimicosus,
1157 4327 1301 4408 magister
1317 4329 1499 4390 Lambertus

194 4421 344 4502 medicus,
356 4422 463 4482 Petrus
479 4435 508 4481 et
524 4420 749 4497 Bonaccursus,
761 4417 878 4497 judices
895 4437 924 4481 et
941 4420 1060 4496 notarii,
1074 4420 1144 4498 Ugo
1156 4417 1382 4498 Pissicasegale,
1393 4419 1498 4480 Petrus

193 4513 333 4589 Moccus,
359 4509 567 4589 Sanguineas,
593 4507 793 4590 Talliapanis,
821 4509 1008 4588 Germanus,
1035 4507 1168 4586 Galleta,
1196 4509 1339 4587 magister
1364 4506 1498 4584 Adjutus

193 4601 342 4676 medicus,
363 4598 511 4660 Tedicius
534 4598 761 4676 Scornisianus,
786 4598 996 4675 Sisimundus,
1020 4599 1219 4659 Bonacursus
1242 4599 1280 4658 de
1304 4597 1439 4658 Sindica.
1456 4627 1499 4640 -

192 4691 390 4751 Bonacursus
407 4704 462 4749 etc.
491 4688 540 4765 (G.
558 4688 682 4766 Mtlller,
705 4707 735 4769 p.
755 4690 794 4749 82
807 4720 844 4730 —
857 4690 908 4768 83,
926 4689 986 4749 Νο.
1008 4708 1045 4768 5²
1068 4685 1115 4766 [cl.
1135 4707 1164 4768 p.
1181 4685 1275 4767 432];
1302 4686 1452 4748 Archives
1467 4685 1496 4745 d.

192 4779 276 4840 miss.
293 4777 434 4856 scientis,
452 4777 470 4838 l.
488 4796 514 4838 c.
532 4777 566 4856 ll,
587 4796 617 4858 p.
637 4778 720 4857 364).
1429 4771 1496 4834 775

269 4884 288 4950 ¹)
309 4880 478 4952 Lagentium
493 4896 555 4935 esse
569 4878 706 4936 arbitror:
720 4892 897 4952 praecentor.
