3398 5400
268 356 332 426 254
830 329 1004 409 Regesta

329 557 419 618 1222
437 560 509 621 Dec.
534 560 586 634 iti,
613 560 676 620 ind.
701 559 738 620 X.
780 564 885 620 Accou
913 559 945 620 in
971 559 1097 620 ecclesia
1123 560 1153 620 S.
1179 560 1274 621 Marci
1298 561 1501 621 Venetorum.
1528 594 1571 603 -

266 647 429 730 Philippus
445 649 626 727 comasius,
644 647 766 726 bajulus
783 649 986 726 Venetorum,
1005 650 1110 728 Ugoni
1127 651 1165 710 de
1182 649 1271 728 Ajola
1288 665 1317 711 et
1334 650 1478 726 Gaitan0,
1495 669 1572 710 con-

266 736 387 799 sulibus
410 738 606 814 Pisanorum,
630 737 802 816 confirmat,
826 758 858 798 se
875 739 1061 799 sententiam
1077 738 1109 799 in
1127 757 1227 818 causa,
1245 759 1325 819 quae
1345 739 1426 800 inter
1441 739 1526 820 ipsos
1542 753 1573 799 et

265 828 436 888 lanuenses
453 829 636 905 vertebatur,
654 827 788 888 crastino
805 827 855 888 die
872 828 1149 908 pronuntiaturum
1166 849 1242 906 esse,
1260 827 1367 908 eisque
1384 828 1520 905 mandat,
1538 843 1573 888 ut

266 935 339 977 cum
361 917 476 978 Pechio
500 917 575 977 olim
599 916 728 977 consule
751 916 861 977 adsint.
884 949 928 960 -
947 917 1088 978 Thomas
1105 917 1261 996 DandoIO,
1285 918 1425 978 Andreas
1442 915 1571 995 Vidalis,

267 1005 438 1067 Nicholaus
455 1005 620 1083 Quirinus,
638 1007 778 1067 Andreas
795 1006 832 1067 de
849 1011 948 1084 Auro,
973 1006 1129 1067 Marsilius
1144 1008 1268 1086 Balbus,
1294 1008 1468 1068 Matthaeus
1484 1007 1571 1067 Teu-

266 1095 369 1175 pulus,
395 1096 527 1157 lacobus
543 1095 717 1173 Cavaturta,
741 1094 886 1174 magister
907 1095 1073 1174 Henricus,
1099 1095 1191 1174 judex
1213 1096 1409 1173 Pisanorum,
1436 1097 1508 1175 Ugo
1532 1095 1570 1156 de

265 1184 434 1246 Thodesco
442 1184 681 1261 etPorcellinus,
693 1184 769 1246 olim
779 1184 890 1246 consul
900 1184 1133 1247 Pisanorum—
1139 1186 1345 1247 Richobonus
1356 1187 1503 1247 Coranus
1513 1199 1570 1245 etc.

266 1272 383 1352 (lanua,
401 1274 523 1335 Archiv.
541 1292 647 1335 mazzo
664 1274 718 1351 lll;
744 1273 828 1335 dedit
845 1275 882 1335 D.
900 1274 996 1335 Com.
1015 1274 1198 1352 Desimoni).
1499 1271 1571 1332 960

354 1425 373 1457 ‚,
421 1382 493 1442 Dec.
518 1402 553 1448 17
572 1380 734 1460 (sabbato),
751 1381 815 1442 ind.
833 1382 870 1443 X.
903 1387 1009 1443 Accon
1033 1398 1103 1443 ante
1128 1396 1249 1463 portam
1272 1381 1416 1442 ecclesiae
1440 1380 1470 1442 S.
1487 1380 1569 1442 Petri

266 1469 460 1532 Pisanorum.
492 1504 536 1514 —
567 1469 669 1531 Gilius
695 1469 849 1545 Quirinus
875 1487 904 1531 et
928 1472 1085 1532 lohannes
1111 1477 1275 1549 Acotanto,
1302 1470 1410 1532 nuncii
1435 1469 1569 1551 Philippi

265 1559 419 1638 Cornarii,
443 1558 536 1638 bajuli
554 1560 758 1638 Venetorum,
776 1560 955 1639 Gaitanum,
979 1561 1140 1623 consulem
1158 1560 1353 1638 Pisanorum,
1377 1559 1518 1637 invitant,
1536 1574 1571 1619 ut

265 1646 298 1709 in
324 1648 483 1710 ecclesiam
510 1650 540 1711 S.
559 1649 655 1710 Marci
680 1650 872 1711 Venetorum
896 1669 968 1711 cum
991 1651 1129 1711 Pechino
1154 1650 1230 1711 olim
1253 1648 1383 1711 consule
1406 1649 1508 1710 veniat
1530 1649 1568 1707 ad

264 1738 450 1799 audiendam
468 1735 663 1799 sententiam.
680 1771 724 1782 ·-
740 1738 841 1800 Gilius
852 1755 882 1799 et
891 1739 1059 1817 lohannes,
1068 1740 1164 1801 Scuto
1174 1739 1442 1818 Pisanus-Ego
1453 1738 1569 1799 Richo-

265 1829 368 1888 bonus
385 1843 440 1889 etc.
458 1828 578 1907 (lanua,
596 1827 721 1889 Archiv.
739 1846 846 1889 mazzo
863 1829 916 1904 lll;
934 1829 1019 1890 dedit
1035 1830 1073 1890 D.
1092 1829 1187 1891 Corn.
1206 1828 1391 1905 Desimoni).
1498 1824 1564 1884 961

288 1988 292 2007 2
353 1977 372 2009 ‚,
418 1967 463 1977 —
479 1933 595 2012 Mlaria)
605 1933 755 1994 abbatissa
765 1949 795 1994 et
805 1949 979 1996 conventus
995 1933 1026 1996 S.
1039 1935 1154 1996 Mariae
1165 1934 1367 2015 Magdalenae
1378 1932 1569 1995 Acconensis

264 2022 384 2084 ordinis
401 2022 614 2086 Cisterciensis
630 2042 702 2084 curn
719 2023 896 2103 Eustorgio,
920 2024 1154 2105 archiepiscopo
1171 2024 1356 2102 Nicosiensi,
1373 2022 1504 2084 consilio
1522 2022 1569 2097 Ι,.,

264 2112 380 2174 abbatis
397 2112 590 2174 Bellimontis
613 2113 651 2173 de
676 2112 809 2192 Tripoli,
833 2131 870 2173 eo
894 2113 1096 2191 conveniunt,
1121 2113 1209 2174 utin
1233 2113 1330 2174 domo
1354 2113 1426 2175 dicti
1450 2111 1569 2172 ordinis

265 2201 441 2263 Nicosiensi
452 2202 602 2263 abbatissa
619 2201 805 2280 instituatur,
823 2217 852 2263 et
868 2202 975 2282 sigillis
985 2203 1226 2264 conventionem
1239 2201 1388 2263 muniunt
1398 2201 1569 2279 (Melanges

265 2291 334 2352 hist.
353 2292 385 2352 in
403 2292 531 2354 Collect.
549 2292 588 2352 de
605 2309 748 2352 monum.
766 2291 888 2370 iue'dits,
905 2292 989 2353 Paris
1011 2295 1103 2369 1882,
1121 2293 1169 2369 lV,
1187 2312 1217 2373 p.
1236 2311 1310 2371 343,
1328 2293 1388 2353 No.
1412 2310 1443 2363 1;
1465 2291 1503 2351 cf.
1522 2290 1569 2350 De

266 2381 332 2441 Mas
349 2380 459 2459 Latrie,
477 2380 556 2442 Hist.
569 2381 607 2442 de
621 2381 683 2441 l'ile
693 2382 732 2441 de
743 2381 869 2462 Chypre
880 2381 927 2460 ΙΙΙ,
938 2402 967 2463 p.
981 2401 1054 2462 293,
1066 2383 1251 2462 644-643,
1262 2383 1320 2461 651
1337 2397 1366 2442 et
1376 2380 1408 2442 in
1420 2378 1569 2442 Archives

264 2470 302 2530 de
319 2469 453 2531 l'Orient
469 2470 543 2531 latin
560 2470 584 2530 ll
593 2475 631 2549 A,
649 2490 679 2551 p.
699 2468 783 2548 2¹9)·
1498 2466 1568 2526 962

326 2584 416 2645 1223
433 2585 505 2665 Maj.
522 2621 562 2630 -
582 2588 739 2648 lohannes
756 2590 794 2649 de
811 2588 938 2666 lbelino,
963 2588 1112 2649 domiuus
1127 2589 1240 2670 Rerity,
1259 2588 1453 2670 privilegium
1475 2607 1569 2669 supra

264 2675 334 2753 (Nn.
345 2677 419 2756 950)
430 2692 638 2737 memoratum
649 2677 757 2758 repetit
767 2694 795 2738 et
805 2696 909 2738 coram
921 2678 1058 2756 Hugone
1069 2678 1209 2738 Ferrario
1219 2697 1248 2738 er
1258 2679 1287 2739 H
1292 2697 1395 2758 ugone
1406 2677 1567 2754 Fornari0,

262 2765 465 2826 Janueusium
482 2765 675 2844 consulibus,
692 2765 793 2847 sigillo
810 2766 981 2828 confirmat.
998 2801 1042 2809 -
1059 2767 1229 2828 Reinaldus
1245 2767 1282 2828 de
1301 2768 1439 2841 Mimars,
1456 2767 1567 2827 Simon

262 2853 413 2935 Jopensis,
423 2854 680 2917 Bartholomaeus
691 2855 900 2934 Falconarius,
911 2856 1051 2918 Thomas
1061 2856 1099 2917 de
1110 2857 1208 2933 Retel,
1224 2856 1372 2918 Clemens
1382 2856 1420 2917 de
1431 2855 1567 2932 Gibelin,

263 2943 435 3004 Balduinus
457 2945 495 3005 de
519 2944 654 3022 Gibelin,
679 2945 775 3025 Hugo
798 2946 836 3007 de
860 2947 1009 3024 Mazarea,
1034 2944 1189 3007 Hearicus
1212 2946 1376 3026 Lepingre,
1400 2945 1567 3007 Gauterius

265 3032 390 3111 Hardel,
407 3033 608 3095 Guillielrnus
624 3035 766 3114 Hameis,
784 3035 945 3096 Mathaeus
962 3036 1000 3096 de
1018 3035 1153 3116 Nephin,
1172 3035 1292 3116 Symon
1302 3035 1465 3113 Grimaud,
1477 3034 1567 3095 Guil-

264 3120 388 3183 lielmus
399 3122 436 3183 de
449 3124 630 3203 Malernbec,
642 3124 793 3185 Girardus
803 3124 893 3185 Liece
911 3124 1012 3200 (Liber
1022 3122 1137 3202 jurium
1149 3124 1168 3202 Ι,
1180 3144 1209 3205 p.
1220 3125 1406 3199 687-688,
1418 3125 1478 3184 Νο.
1494 3125 1565 3203 5853

263 3210 412 3271 Archives
428 3212 458 3273 d.
476 3213 559 3273 miss.
577 3211 717 3291 scientis,
729 3213 747 3273 l.
758 3233 783 3274 c.
796 3213 828 3292 ll,
840 3234 869 3295 p.
884 3216 1075 3295 357—358;
1094 3213 1131 3274 cf.
1143 3215 1276 3293 Pagano,
1287 3234 1316 3295 p.
1331 3232 1410 3288 2073
1428 3211 1566 3285 Olivieri,

264 3319 294 3380 a·
315 3321 365 3380 59,
382 3301 442 3362 N0·
462 3321 491 3380 3,
509 3310 523 3370 S
542 3301 580 3377 2).
1497 3300 1567 3360 963

308 3406 319 3486 (
357 3451 377 3483 ,,
423 3405 551 3490 aestat.).
569 3444 612 3452 -
630 3409 786 3489 Nicolaus,
799 3411 967 3491 patriarcha
978 3410 1215 3488 Alexandrinus,
1227 3409 1372 3471 Honorio
1383 3409 1417 3469 ΙΙΙ
1428 3408 1566 3490 exponit,

263 3515 344 3576 quae
376 3497 530 3559 christiani
557 3499 700 3580 Aegypti,
732 3500 875 3561 Damiata
900 3499 1028 3579 reddita,
1054 3500 1224 3581 patiuntur,
1250 3518 1386 3578 eumque
1412 3515 1507 3579 rogat,
1534 3514 1567 3559 ut

263 3586 445 3647 christianos
469 3607 588 3649 novum
612 3587 730 3649 bellum
746 3604 853 3649 contra
869 3589 1001 3670 Aegypti
1017 3589 1183 3650 soldanum
1202 3604 1361 3670 paraturos
1378 3607 1432 3669 per
1448 3588 1567 3649 flumen

263 3675 382 3736 Rasceti
399 3677 437 3736 ad
455 3676 589 3737 insulam
605 3677 709 3738 Fohae
725 3678 837 3759 appelli
854 3677 956 3755 jubeat
973 3678 1146 3760 (Raynaldi,
1163 3678 1276 3739 Annal.
1300 3698 1391 3757 1223,
1409 3686 1423 3746 s
1441 3696 1566 3755 9-to;

265 3765 352 3825 Mon.
369 3764 475 3826 Germ.
493 3766 549 3847 Ep.
568 3766 588 3844 Ι,
606 3786 635 3848 p.
654 3769 834 3848 163-165,
853 3768 913 3828 Νο.
933 3788 970 3848 23
978 3786 1012 3847 3;
1038 3768 1075 3828 cf.
1095 3768 1255 3846 Rbhricht,
1274 3766 1414 3845 Studien,
1432 3787 1461 3848 p.
1483 3787 1568 3846 51-

267 3873 316 3935 52,
335 3855 394 3915 Nn.
418 3875 456 3935 14
479 3872 508 3915 et
531 3856 569 3916 de
592 3856 764 3918 christianis
787 3857 990 3918 Alexandriae
1014 3857 1046 3917 in
1070 3856 1242 3918 carceribus
1265 3856 1395 3917 detentis
1419 3856 1567 3935 Porthast,

263 3944 324 4004 N0.
342 3945 583 4024 4363-4366).
1497 3943 1568 4004 964

352 4096 371 4127 „
418 4050 501 4133 Sept.
521 4071 571 4114 22.
593 4087 629 4096 —
649 4053 803 4114 Robertus
819 4054 838 4131 ¹)
860 4054 898 4115 de
922 4054 1050 4132 lbelino,
1075 4054 1223 4115 dominus
1245 4053 1382 4134 Berithy,
1405 4053 1568 4115 communi

264 4140 503 4202 Massiliensium
527 4141 661 4203 liberum
684 4142 906 4203 commercium
924 4143 956 4204 in
973 4146 1049 4204 urbe
1069 4164 1126 4205 sua
1148 4144 1289 4205 concedit
1312 4159 1341 4203 et
1363 4142 1465 4222 sigillo
1488 4162 1568 4204 cou-

263 4229 373 4291 firmat.
391 4264 434 4273 —
451 4230 609 4292 Renaldus
626 4232 664 4292 de
682 4232 842 4309 Murras,²l
864 4233 1005 4293 Thomas
1029 4234 1066 4293 de
1091 4234 1187 4309 llatel,
1211 4234 1368 4311 Clemens,
1385 4233 1569 4293 castellanus

263 4320 398 4401 Berithy,
430 4320 591 4382 Baudinus
616 4321 654 4381 de
681 4320 837 4398 Gibelino,
870 4322 1042 4383 Baudinius
1068 4322 1105 4382 de
1132 4324 1232 4403 Rupe,
1265 4321 1418 4382 Henricus
1445 4320 1567 4382 milites.

263 4409 461 4488 Rostaglnus)
477 4409 596 4490 scripsit
613 4411 711 4491 (Me'ry
729 4410 748 4489 Ι,
765 4431 794 4492 p.
814 4412 1009 4489 287—288).
1497 4409 1568 4470 965

338 4512 356 4581 ¹)
376 4510 559 4582 Corrigatur:
573 4511 734 4580 lohannes3
753 4511 789 4566 ef.
803 4512 887 4584 Heyd
901 4512 920 4579 Ι,
933 4531 960 4584 p.
976 4530 1035 4585 320.
1110 4515 1132 4580 ²)
1152 4513 1260 4583 Legas:
1275 4512 1400 4568 blimars.

352 4658 371 4692 ,‚
420 4616 493 4676 Dec.
509 4635 554 4676 12.
573 4615 606 4676 Ι11
622 4635 742 4676 camera
759 4616 790 4677 S.
800 4617 956 4678 Ambrosii
974 4617 1012 4677 de
1027 4616 1190 4695 Veragine.
1207 4650 1250 4660 -
1267 4619 1412 4697 Obertus,
1429 4617 1570 4678 minister

263 4719 292 4765 et
308 4720 407 4765 rector
429 4703 572 4766 ecclesiae
598 4705 628 4767 S.
646 4705 815 4782 Ambrosii,
841 4724 944 4767 coram
972 4707 1129 4776 Raineri0,
1155 4705 1304 4787 episcopo
1330 4706 1568 4784 Bethlemitano,

264 4793 445 4856 Gnidonem
470 4795 508 4855 de
534 4795 656 4855 Perreto
680 4812 910 4876 procuratorem
936 4796 1093 4857 constituit
1117 4796 1238 4870 (Comre
1261 4797 1353 4856 Riant
1370 4797 1402 4857 in
1419 4797 1481 4857 Atti
1497 4796 1568 4858 Soc.

263 4882 387 4964 Ligure,
405 4883 428 4944 ΙΙ
445 4882 521 4962 Ser,
539 4883 630 4963 XVll,
646 4902 676 4966 p.
695 4885 770 4964 644,
787 4884 848 4946 Νο.
867 4885 906 4962 6).
1498 4883 1570 4945 966
