3398 5400
196 358 259 420 334
760 330 935 401 Regesta

1340 423 1505 431 -——-

243 551 333 612 1259
349 551 408 613 lul.
427 571 474 629 17,
491 550 555 611 iud.
568 548 602 611 ll.
618 549 750 630 Tripoli.
767 581 811 592 —
827 550 980 611 Canonici
995 551 1158 631 subscripti
1169 550 1366 611 Bonisacium
1376 551 1505 611 thesau-

194 643 320 720 rarium,
338 641 496 702 Andream
512 655 542 701 et
557 639 744 717 lohannem,
761 639 928 700 canonicos
944 638 1166 720 Tripolitanos,
1183 640 1405 721 compositioni
1421 640 1506 700 inter

194 731 376 811 magistrum
402 730 591 811 Philippum,
617 743 776 790 cantorem
798 728 1042 810 Tripolitanum,
1065 743 1095 789 et
1118 729 1222 790 fratres
1238 729 1409 810 Hospitalis
1426 728 1505 790 olim

194 822 233 883 de
252 820 441 901 quibusdam
457 818 585 880 decimis
602 816 706 895 factae,
727 836 893 899 aquarum
910 818 1113 898 praestatione
1136 818 1240 880 fratres
1256 839 1288 879 se
1305 819 1419 879 liberos
1436 837 1504 879 esse

194 909 355 992 privilegio
371 930 388 969 a
404 909 573 984 B(ernardo
590 907 621 984 1),
638 907 785 988 episcopo
800 906 1007 988 Tripolitano,
1025 907 1148 968 munito
1165 909 1345 988 probarunt,
1362 906 1505 989 primum

194 998 413 1061 contradixisse
432 998 487 1059 sed
504 1016 589 1059 nunc
605 998 642 1057 ab
659 996 748 1057 omni
764 996 1008 1059 contradictione
1025 997 1180 1076 desistere,
1191 996 1292 1076 sigillo
1303 995 1503 1058 confirmant.

193 1122 238 1132 -
254 1088 401 1169 Magister
417 1088 684 1162 Bartholomaeus,
702 1085 874 1147 canonicus
895 1085 1113 1147 Antiochensis
1130 1101 1160 1147 et
1175 1102 1283 1148 cantor
1298 1085 1505 1164 Valeniensis,

192 1178 351 1240 lohannes
375 1179 413 1238 de
437 1177 468 1238 S.
486 1176 587 1237 Vitali.
626 1175 795 1237 Anselmus
818 1176 857 1236 de
877 1176 975 1255 Alex,
1000 1176 1138 1237 notarius
1160 1176 1237 1237 sacri
1254 1175 1365 1257 palatii,
1382 1174 1505 1256 scripsit

194 1267 288 1344 (Paoli
306 1267 328 1344 l,
345 1286 375 1348 p.
398 1267 580 1342 166-167,
598 1265 659 1326 Νο.
683 1264 762 1345 137).
1411 1260 1504 1323 1274

276 1427 295 1459 ,,
343 1387 424 1462 Aug.
445 1404 472 1443 2.
491 1386 608 1442 Accon.
625 1415 668 1424 —
684 1378 900 1458 E(ustorgius),
912 1379 1326 1462 episcopusTiberiadensis,
1335 1396 1364 1442 et
1373 1379 1504 1456 11011111-

195 1473 271 1551 1101),
297 1473 390 1532 abbas
415 1470 446 1533 S.
472 1470 624 1532 Samuelis
650 1469 841 1531 Acconensis
867 1469 985 1530 ordinis
1011 1469 1379 1546 praemonstratensium,
1406 1468 1504 1551 priori

195 1562 340 1623 ecclesiae
372 1561 402 1623 S.
428 1559 585 1622 Laurentii
610 1559 816 1620 Jauuensium
842 1558 874 1618 in
900 1558 1017 1619 civitate
1042 1558 1119 1641 Tyri
1145 1560 1314 1621 constituto
1339 1559 1503 1640 epistolam

194 1651 361 1713 Alexandri
379 1650 419 1711 lV
436 1649 646 1711 transmittunt
662 1664 691 1709 et
707 1650 866 1725 mandant,
883 1664 917 1708 ut
933 1647 1013 1708 vices
1030 1647 1171 1728 ipsorum
1188 1668 1300 1728 gerens
1310 1648 1503 1730 praeceptori

194 1740 363 1822 Hospitalis
379 1738 513 1821 Tyrensi
531 1741 612 1799 bona
630 1738 807 1800 monasterii
824 1737 854 1799 S.
868 1737 972 1797 Lazari
989 1739 1027 1798 de
1044 1737 1192 1798 Bethania
1209 1738 1341 1801 diocesis
1351 1738 1504 1820 Tyrensis

194 1830 292 1891 tradat
308 1828 403 1904 (Paoli
419 1829 441 1907 l,
458 1848 488 1910 p.
512 1829 692 1908 164-165,
709 1829 772 1889 N0.
790 1827 869 1907 135).
1392 1822 1504 1898 ,1275

276 1989 295 2021 „
342 1950 424 2024 Aug.
445 1964 474 2021 2,
498 1944 562 2005 ind.
580 1943 614 2004 ll.
640 1947 756 2005 Accon.
773 1976 818 1987 -
833 1942 1048 2022 Elustorgius),
1071 1943 1236 2025 episcopus
1258 1942 1503 2020 Tiberiadensis,

196 2050 225 2097 et
241 2036 333 2096 abbas
350 2033 381 2096 S.
393 2032 545 2096 Samuelis
556 2033 747 2094 Acconensis
763 2033 909 2112 magistro
919 2032 1169 2111 Bartholomaeo,
1186 2033 1302 2094 cantori
1314 2032 1505 2112 Valeniensi,

195 2123 308 2186 litteras
324 2122 491 2184 Alexandri
508 2122 548 2183 lV
564 2122 774 2183 transmittunt
790 2142 883 2204 supra
899 2123 970 2198 (Νο.
987 2123 1079 2201 1275)
1096 2139 1280 2184 memoratas
1297 2137 1326 2182 et
1342 2122 1503 2199 mandant,

195 2230 229 2276 ut
245 2214 278 2274 in
295 2213 471 2274 diocesibus
486 2211 635 2292 TripoliS,
653 2211 810 2289 Antaradi,
830 2210 974 2273 Valeniae
990 2228 1020 2272 et
1035 2211 1126 2273 Bibiii
1141 2211 1222 2273 vices
1239 2212 1375 2292 ipsorem
1390 2230 1504 2290 gerens

195 2318 426 2384 praeceptorem
443 2300 613 2382 Hospitalis
633 2303 800 2379 bonorum,
818 2319 897 2381 qnae
921 2301 1110 2362 monasterio
1127 2300 1158 2363 S.
1177 2301 1281 2361 Lazari
1298 2302 1336 2362 de
1352 2300 1504 2361 Bethania

196 2392 228 2454 in
254 2391 372 2453 civitate
398 2407 427 2451 et
452 2390 567 2452 diocesi
593 2389 786 2471 Tripolitana
812 2405 894 2469 sunt,
921 2409 1132 2472 possessorem
1158 2390 1334 2452 introducat
1360 2390 1457 2467 (Paoli
1481 2389 1503 2468 l,

195 2502 225 2564 p.
250 2483 320 2561 167,
338 2481 399 2542 No.
423 2481 502 2561 138).
1412 2475 1504 2537 1276

276 2640 295 2674 ,,
343 2601 424 2676 Aug.
446 2617 473 2677 5,
498 2595 563 2657 ind.
581 2593 615 2656 ll.
639 2594 717 2676 Tyri
734 2595 766 2656 in
782 2596 880 2677 platea
897 2612 966 2656 ante
987 2596 1189 2657 conductum.
1206 2629 1250 2640 —
1267 2595 1355 2656 Prior
1370 2594 1401 2657 S.
1419 2595 1503 2657 Lau·

195 2685 541 2767 rentiiJanuensisTyri
552 2683 724 2763 confirmat,
735 2704 768 2745 se
778 2685 909 2767 acceptis
919 2685 1025 2746 litteris
1034 2686 1201 2765 Eustorgii,
1212 2684 1350 2766 episcopi
1360 2684 1503 2746 Tiberia·

195 2775 309 2855 densis,
334 2792 363 2837 et
380 2774 547 2836 Alexandri
564 2774 604 2835 lV
621 2790 852 2855 praeceptorem
870 2775 1037 2855 Hospitalis
1053 2773 1202 2856 Tyrensis
1225 2774 1257 2835 in
1282 2774 1415 2835 domum
1431 2789 1503 2835 ante

194 2867 389 2928 conductum
413 2864 489 2946 Tyri
512 2864 603 2924 sitam
619 2878 649 2923 et
665 2864 702 2924 ad
726 2863 951 2925 monasterium
974 2863 1004 2927 S.
1021 2863 1126 2924 Lazari
1149 2865 1187 2925 de
1209 2862 1359 2925 Bethania
1382 2862 1502 2924 ordinis

194 2954 354 3016 Benedicti
366 2954 570 3035 pertinentem
582 2952 705 3014 duxisse
716 2953 807 3034 eique
820 2952 917 3034 ipsam
929 2972 1055 3014 necnon
1065 2953 1172 3014 omnia
1188 2952 1254 3030 jura
1271 2967 1301 3013 et
1316 2952 1503 3033 pertinentia

195 3044 384 3127 possidenda
407 3043 577 3104 tradidisse.
594 3076 638 3085 -
655 3043 829 3103 Matthaeus
846 3044 1018 3124 presbyter;
1045 3041 1183 3104 domini:
1207 3044 1326 3121 Bruuo,
1342 3042 1503 3103 lohannes

196 3133 296 3195 dictus
312 3132 442 3210 Paillart,
459 3133 592 3194 Jacobus
608 3132 708 3193 dictus
731 3133 891 3194 Duendon
915 3132 1035 3211 milites,
1060 3131 1211 3213 Youseph
1227 3131 1335 3209 scriba,
1359 3131 1503 3194 Thomas

194 3223 302 3374 l{aben
326 3221 488 3388 Aegidius,
505 3219 598 3300 judex
614 3236 644 3282 et
660 3222 799 3283 notarius
815 3220 969 3303 publicus,
987 3221 1108 3302 scripsit
1123 3220 1219 3298 (Paoli
1235 3222 1257 3302 l,
1275 3222 1502 3369 p.164-it²q157,

226 3332 255 3374 0.
280 3331 313 3392 ¹3
352 3359 359 3372 .

276 3465 295 3498 „
342 3426 424 3500 Aug.
443 3440 473 3498 9,
498 3419 562 3480 iud.
581 3418 614 3479 ll.
638 3417 760 3499 Tripoli
777 3418 809 3479 in
826 3419 924 3479 domo
948 3418 1091 3479 ecclesiae
1116 3418 1147 3479 S.
1165 3418 1270 3479 Lazari
1287 3419 1325 3480 de
1340 3419 1502 3480 Bethania.

194 3543 238 3554 -
249 3508 447 3572 Caelestinus
458 3555 569 3570 .....
587 3524 616 3569 et
630 3508 789 3569 lohannes
805 3509 842 3569 de
860 3506 890 3569 S.
901 3507 1001 3586 Vitali,
1018 3507 1115 3568 assisii
1126 3508 1270 3569 ecclesiae
1280 3507 1504 3590 Tripolitanae,

195 3598 397 3677 confirmant,
428 3617 532 3659 coram
555 3618 587 3659 se
611 3613 640 3658 et
662 3598 777 3659 Jacobo
800 3598 838 3658 de
862 3598 941 3659 Baro
967 3599 1146 3679 presbytero
1176 3611 1206 3658 et
1229 3596 1358 3659 Simone
1383 3597 1503 3659 Lornio

194 3688 323 3749 testibus
354 3687 536 3767 magistrum
562 3686 847 3764 Bartholomaeum,
879 3700 1036 3748 cantorem
1063 3685 1291 3764 Valeniensem,
1322 3687 1503 3749 auctoritate

195 3776 353 3859 epistolae,
377 3795 474 3857 quam
497 3775 662 3858 episcopus
678 3776 908 3837 Tiberiadensis
925 3791 954 3836 et
969 3778 1061 3836 abbas
1085 3775 1115 3836 S.
1133 3775 1287 3837 Samuelis
1311 3775 1504 3837 Acconensis

194 3866 393 3948 scripserunt,
410 3866 600 3948 praeceptori
612 3865 780 3946 Hospitalis
797 3864 975 3926 monasterii
992 3864 1023 3927 S.
1034 3863 1141 3925 Lazari
1157 3865 1195 3926 de
1211 3865 1360 3926 Bethania
1376 3885 1503 3946 posses·

195 3955 300 4019 siones
317 3955 349 4016 in
366 3955 484 4017 civitate
495 3970 524 4016 et
534 3954 651 4016 diocesi
660 3954 854 4036 Tripolitana
864 3954 936 4015 sitas
946 3954 1116 4016 tradidisse.
1127 3987 1171 3997 -
1182 3954 1367 4034 Celestinus,
1378 3952 1504 4015 assisius

195 4061 224 4106 et
240 4045 374 4124 tabellio,
391 4044 512 4127 scripsit
528 4042 622 4121 (Paoli
640 4044 661 4123 l,
679 4063 708 4125 p.
728 4046 796 4122 167,
814 4045 874 4106 Νο.
898 4044 978 4125 138).
1412 4040 1504 4102 1278

279 4205 298 4237 ,,
345 4165 428 4242 Aug.
447 4165 563 4222 Accon.
575 4192 618 4203 —
628 4159 769 4221 Thomas
779 4159 914 4237 Berardi,
927 4159 1069 4239 magister
1079 4158 1214 4239 Templi,
1226 4157 1367 4237 ejusdem
1377 4158 1504 4220 militiae

196 4250 385 4333 praeceptori
409 4251 442 4312 in
462 4249 577 4311 Tuscia
600 4250 734 4327 mandat,
753 4264 787 4310 ut
802 4248 945 4330 precibus
960 4248 1114 4325 Thomae,
1132 4247 1270 4329 episcopi
1286 4246 1504 4309 Bethlemitani

195 4359 229 4401 ac
246 4339 335 4402 Sedis
345 4339 542 4422 Apostolicae
558 4338 657 4418 legati,
675 4356 801 4400 necnon
816 4338 962 4418 Hugonis
979 4339 1017 4398 de
1034 4336 1065 4399 S.
1077 4337 1239 4399 Desiderio
1255 4337 1418 4399 cardinalis
1434 4338 1503 4399 ord.

196 4429 447 4491 Praedicatorum
469 4427 638 4508 indulgens
661 4427 820 4489 excambio
843 4426 1032 4510 competenti
1055 4442 1180 4508 accepto
1204 4428 1242 4489 de
1265 4427 1358 4488 horto
1376 4427 1504 4509 Templi

197 4518 349 4580 Luccensi
366 4519 521 4580 modicam
533 4517 734 4599 quantitatem
746 4517 834 4580 dictis
845 4517 988 4580 fratribus
999 4517 1248 4579 Praedicatomm
1264 4517 1415 4578 concedat
1431 4516 1506 4593 (Atti

197 4608 277 4670 della
293 4607 372 4669 reale
389 4607 562 4669 accademia
578 4607 747 4685 Lucchese,
768 4607 870 4668 Lucca
892 4609 983 4687 1840,
1000 4606 1039 4683 X,
1056 4625 1086 4688 p.
1107 4626 1306 4687 272-273,
1323 4607 1384 4668 No.
1403 4625 1440 4685 93
1466 4606 1504 4668 cf.

196 4698 271 4759 ibid.
287 4696 367 4776 Xlll,
391 4717 422 4778 p.
439 4697 651 4777 443—452l.
667 4690 677 4780 ))
692 4696 725 4756 ln
742 4697 879 4758 eundem
903 4695 965 4758 fere
988 4696 1122 4757 modum
1145 4697 1183 4757 de
1208 4695 1317 4757 eadem
1340 4714 1388 4756 re:
1413 4695 1505 4757 Petro

196 4786 356 4866 Ferrandi,
381 4786 572 4868 praeceptori
587 4785 712 4868 Templi
730 4784 762 4846 in
779 4784 861 4847 ltalia
877 4784 926 4848 vel
942 4784 1082 4863 ejusdem
1106 4785 1212 4847 locutn
1229 4785 1347 4846 tenenti
1364 4784 1449 4861 libid.
1466 4785 1505 4865 X,

197 4895 229 4960 p.
248 4896 434 4958 273-274,
451 4878 513 4938 No.
530 4875 570 4956 9).
588 4875 653 4937 Has
668 4875 811 4958 epistolas
822 4872 1403 4957 1100110111,ορ1100011111100οω11110
1414 4875 1505 4938 Mart.
