3398 5400
598 316 952 396 tegniHierosolymitani.
1371 343 1429 408 t59

186 539 285 602 1180.
300 576 336 585 -
350 544 518 625 Postquam
530 543 638 606 Guido
655 545 693 605 de
705 544 828 606 Miliaco
845 542 989 604 ecclesiae
1006 544 1040 604 B.
1054 543 1167 604 Mariae
1184 541 1270 604 vallis
1286 542 1432 623 losaphat

124 631 317 693 medietatem
335 631 442 694 casalis
458 633 648 694 Bethhomar
664 633 758 710 dedit,
769 633 932 714 Philippus
943 632 1167 713 Neapolitanus
1178 649 1207 694 et
1217 632 1324 694 Guido
1335 631 1432 693 Fran-

123 719 232 801 cigena
248 740 374 783 necnon
384 722 541 783 Henricus
557 723 704 801 Bubalus,
723 721 868 803 praedicti
880 722 1037 784 Guidonis
1053 720 1118 800 filii,
1135 722 1196 783 hoc
1211 722 1334 783 donum
1351 721 1431 800 regis

123 809 225 890 sigillo
241 810 383 892 apposito
395 811 629 890 confirmarunt,
642 811 844 892 Reginaldus,
862 811 1023 891 quondam
1044 811 1188 893 princeps
1207 811 1432 889 Antiochenus,

124 918 210 961 nunc
226 915 330 961 autem
342 901 460 963 Montis
470 902 594 981 Regalis
611 917 640 962 et
655 902 787 963 Hebron
803 901 963 977 dominus,
980 920 1107 962 assensu
1125 902 1231 962 uxoris
1247 899 1432 981 Stephaniae

123 1004 153 1050 et
169 987 310 1068 ejusdem
326 989 380 1052 filii
398 990 550 1052 Hansredi
571 991 740 1071 uxorisque
756 990 921 1068 Elisabeth,
938 988 1018 1051 filiae
1042 990 1121 1069 regis
1145 989 1431 1071 Hierosolymitani,

123 1078 295 1159 praedictae
312 1080 456 1141 ecclesiae
480 1078 605 1141 alteram
628 1081 734 1141 casalis
757 1079 903 1162 praedicti
927 1080 1122 1140 medietatem
1145 1100 1216 1141 cum
1241 1079 1432 1160 pertinentiis

122 1166 225 1247 sigillo
241 1169 384 1231 concedit
401 1186 430 1231 et
446 1168 617 1231 confirmat.
628 1203 672 1213 —
683 1170 869 1250 Stephanus,
887 1168 1057 1231 canonicus
1074 1169 1192 1231 Montis
1209 1168 1295 1250 Syon
1311 1184 1340 1229 et
1356 1188 1431 1230 con-

122 1257 315 1336 sanguineus
332 1259 480 1340 principis
491 1258 687 1339 Rleginaldi),
699 1259 858 1336 Nicolaus,
870 1258 1047 1339 capellanus
1059 1258 1203 1321 dominae
1215 1257 1431 1338 Sitephaniae),

123 1347 220 1427 Hugo
236 1363 266 1408 et
281 1347 433 1428 Ferricus,
456 1349 682 1428 consanguinei
700 1348 857 1430 principis,
881 1348 1039 1410 lohannes
1058 1348 1251 1426 castellanus,
1269 1346 1433 1409 Villelmus

123 1435 162 1497 de
179 1436 354 1515 Vendome,
371 1439 479 1499 Petrus
495 1438 675 1500 siniscalcus
691 1438 886 1517 (Delaborde,
904 1458 934 1519 p.
954 1439 1094 1517 88-89,
1113 1439 1174 1498 N0.
1191 1436 1253 1517 41).
1363 1434 1433 1496 596

212 1598 231 1629 ,,
280 1587 320 1596 -
338 1553 493 1630 Balianus,
505 1552 653 1615 dominus
663 1553 810 1635 Neapolis
825 1568 854 1613 et
864 1551 1000 1632 Ybelini,
1011 1569 1084 1613 cum
1102 1571 1198 1612 uxore
1209 1550 1316 1628 Maria,
1328 1550 1432 1630 regina

122 1642 302 1721 Jerusalem,
314 1661 469 1703 consensu
482 1640 579 1703 fratris
590 1642 734 1703 Balduini
745 1641 938 1703 Ramatensis
948 1641 1102 1722 Hospitali
1113 1640 1138 1701 ΙΙ
1149 1656 1318 1702 carrucatas
1335 1654 1430 1700 terrae

123 1746 193 1791 ante
210 1731 364 1792 civitatem
376 1732 489 1792 Rames
505 1731 576 1793 sitas
594 1732 689 1794 donat
705 1747 734 1793 et
750 1750 854 1792 coram
866 1730 1003 1811 Rogerio
1019 1731 1059 1792 de
1070 1729 1261 1792 Molendinis
1276 1729 1432 1809 magistro,

124 1819 214 1881 fratre
237 1820 400 1901 Garueri0,
425 1819 566 1900 ejusdem
590 1822 704 1882 domus
727 1835 924 1903 praeceptore
947 1839 1073 1900 magno,
1098 1819 1242 1881 fratribus
1259 1819 1377 1881 Garino
1394 1819 1431 1879 de

122 1908 220 1971 Belua
236 1925 266 1971 et
282 1910 471 1990 Alexandro,
487 1911 644 1972 Balduino
660 1911 700 1972 lV
717 1926 875 1990 regnante,
892 1909 993 1990 sigillo
1016 1908 1188 1970 confirmat.
1205 1943 1250 1953 —
1265 1908 1431 1989 Rogerius,

123 1997 206 2060 filius
223 1998 350 2078 Roardi,
367 2001 458 2060 abbas
474 1999 610 2081 Templi,
628 2000 777 2062 dominus
792 1999 1009 2077 Boemundus,
1030 1998 1179 2061 dominus
1196 1998 1431 2075 Constantinus,

124 2088 307 2166 Amalricus,
325 2089 497 2150 vicecomes
513 2088 671 2170 Neapolis,
689 2090 785 2169 Hugo
803 2088 992 2166 Mimarcius,
1010 2088 1163 2150 Renerius
1180 2087 1327 2165 deTerri,
1338 2087 1431 2166 Ragi-

124 2177 247 2239 naudus
272 2177 481 2255 Flandrensis,
499 2177 679 2240 Willelmus
701 2180 815 2258 Cocus,
841 2178 1008 2240 Ernaudus
1025 2178 1063 2239 de
1081 2178 1232 2257 Sesseriis,
1259 2177 1432 2238 Amalricus

124 2266 163 2328 de
179 2266 311 2345 Laudas,
336 2268 432 2347 Hugo
449 2267 658 2347 Flandrensis,
682 2268 865 2330 castellanus
885 2267 1011 2345 Romae,
1030 2267 1208 2329 Willelmus
1224 2267 1262 2328 de
1279 2266 1431 2345 Corbia,¹)

123 2355 279 2435 Georgius
306 2355 416 2434 Obet,
433 2357 610 2418 Bernardus
636 2359 674 2419 de
700 2357 884 2435 (Emerideij
909 2357 1003 2434 (Paoli
1020 2357 1041 2437 l,
1065 2377 1094 2438 p.
1112 2357 1267 2435 68—69,
1293 2356 1353 2416 Νο.
1373 2356 1431 2427 68;

123 2445 162 2506 cf.
180 2465 210 2527 p.
231 2447 423 2527 505—506).
1363 2441 1431 2503 597

199 2548 220 2614 ¹)
239 2545 315 2601 Alias
330 2545 446 2618 Corbie,
460 2546 590 2615 Corboil,
603 2546 731 2602 Corbuil.

168 2660 180 2738 (
218 2705 237 2736 „
282 2659 435 2737 -1182)
446 2661 542 2743 April.
554 2661 669 2722 medio.
686 2661 884 2743 Babyloniae.
894 2695 937 2706 -
949 2660 1122 2736 Saladinus,
1134 2680 1185 2720 rex
1197 2659 1432 2736 Saracenorum,

123 2748 280 2811 Friderico
297 2750 308 2811 l
325 2749 502 2830 imperatori
526 2749 639 2828 scribit,
663 2770 695 2811 se
719 2749 861 2829 ejusdem
883 2750 1019 2831 legatum
1043 2749 1222 2810 Albericum
1243 2749 1432 2810 lanuensem

124 2837 296 2900 honorifice
313 2839 463 2922 recepisse
481 2855 511 2900 et
527 2859 613 2900 nunc
629 2858 701 2901 cum
717 2842 790 2901 Abu
807 2840 904 2902 Tahir
924 2840 1025 2918 legato
1042 2857 1100 2899 suo
1117 2839 1270 2898 remittere
1287 2835 1324 2913 (E
1339 2837 1430 2900 codd.

122 2928 259 2990 Berolin.
278 2948 360 2989 man.
378 2929 473 2990 theol.
490 2930 540 2990 lat.
559 2929 610 3008 lV,
628 2930 688 2991 No.
706 2949 776 3008 190,
793 2951 817 2991 s.
835 2929 913 3009 Xlll,
932 2929 984 2990 fol.
1003 2929 1185 2994 77a—77b
1204 2943 1233 2988 et
1249 2926 1431 2988 Vindobon.

123 3036 207 3078 man.
219 3017 313 3079 theol.
326 3018 387 3079 No.
402 3038 474 3096 221,
490 3038 513 3079 s.
531 3018 599 3078 Xlll
616 3018 664 3079 ed.
682 3019 835 3080 Rbhricht
852 3019 884 3081 in
901 3020 939 3080 N.
951 3017 1064 3079 Archiv
1087 3017 1178 3094 1886,
1195 3037 1224 3097 p.
1239 3037 1277 3097 57
1284 3036 1430 3097 5-577;

123 3106 161 3169 cf.
180 3126 210 3189 p.
231 3127 402 3187 572—575
421 3124 450 3168 et
467 3107 573 3184 Denis,
591 3107 687 3170 Catal.
705 3108 799 3170 theol.
818 3109 954 3171 Vindob.
973 3107 1007 3184 ll,
1025 3125 1055 3188 p.
1075 3107 1270 3187 327—330).
1362 3103 1432 3165 598

186 3222 273 3284 1181
293 3225 358 3286 Jan.
377 3245 422 3306 ¹3·
441 3223 625 3286 Tusculani.
637 3258 679 3266 —
691 3223 868 3286 Alexander
884 3225 921 3286 ΙΙΙ
938 3224 1055 3286 Oberto
1071 3223 1259 3304 praeposito,
1270 3222 1432 3285 Bonifatio

123 3314 343 3376 archidiacono
360 3330 389 3375 et
405 3313 563 3375 canonicis
578 3314 786 3376 lanuensibus
809 3315 1022 3396 possessiones
1046 3312 1142 3374 varias
1163 3311 1336 3389 confirmat,
1354 3312 1433 3374 inter

125 3424 204 3485 quas
220 3404 435 3465 ultramarinae
453 3404 609 3465 vocandae
626 3419 715 3465 sunt:
740 3403 866 3465 ecclesia
890 3404 920 3465 S.
939 3403 1095 3464 Laurentii
1113 3400 1145 3463 in
1162 3407 1253 3463 Acon
1273 3421 1345 3463 cum
1362 3422 1432 3483 per-

123 3493 261 3555 tinentiis
278 3508 307 3555 et
323 3493 496 3554 dominatio
508 3493 650 3555 Gibelleti
668 3509 697 3554 et
712 3492 846 3555 aliorum
863 3493 1016 3572 locorum,
1027 3511 1107 3572 quae
1118 3492 1315 3568 Bertrandus,
1328 3511 1432 3553 comes

124 3583 155 3645 S.
168 3583 281 3663 Egidii,
299 3582 452 3644 concessit
466 3582 485 3659 1)
503 3582 540 3660 (v.
558 3582 865 3662 Pflugk-Harttung,
890 3586 965 3643 Acta
982 3581 1093 3663 pontif.
1111 3580 1158 3657 ΙΙΙ,
1183 3601 1213 3662 p.
1234 3582 1431 3660 286—287,

124 3674 185 3735 No.
204 3692 283 3753 3153
301 3670 588 3750 Jaffe-waenfeld,
606 3673 667 3733 No.
689 3674 820 3751 14357).
838 3668 846 3754 ))
864 3672 1009 3733 Urbanus
1026 3671 1063 3731 ΙΙΙ
1080 3672 1131 3750 (19
1148 3671 1207 3733 lul.
1225 3671 1316 3746 1187)
1334 3671 1432 3730 archi-

125 3762 260 3824 diacono
276 3776 307 3822 et
323 3761 481 3823 canonicis
490 3761 699 3823 lanuensibus
716 3762 795 3822 inter
811 3762 884 3822 alias
900 3760 1112 3842 possessiones
1128 3759 1287 3821 ecclesiam
1304 3760 1338 3820 B.
1349 3760 1432 3821 Lau·

124 3851 214 3913 rentii
237 3856 454 3913 Acconensem
479 3867 507 3912 et
529 3851 690 3912 ecclesiam
716 3851 746 3912 S.
766 3850 1106 3931 MariaeQMagdalenae
1133 3869 1204 3912 cum
1229 3847 1432 3931 pertinentiis,

124 3933 328 4003 donationem
345 3940 489 4002 Gibelleti
511 3955 541 4001 et
563 3941 697 4002 aliorum
721 3939 865 4002 locorum
887 3942 925 4001 ab
947 3940 1102 4001 antedicto
1126 3939 1297 4000 Bertrando
1320 3938 1433 4000 comite

124 4048 347 4092 concessorum
364 4030 476 4091 itentm
492 4029 655 4091 confirmat
671 4029 855 4107 (Desimoni,
868 4029 990 4109 Regesti
1002 4029 1033 4090 in
1045 4029 1106 4090 Atti
1119 4028 1232 4108 Ligure
1242 4028 1324 4105 xlx,
1342 4030 1433 4105 1887,

124 4139 154 4201 p.
179 4121 299 4182 116-1
312 4120 360 4197 18,
377 4119 438 4180 No.
458 4139 514 4196 203
533 4119 571 4180 cf.
589 4139 618 4200 p.
635 4120 686 4198 78,
703 4120 763 4180 No.
784 4120 863 4196 260;
880 4117 1165 4196 laffe-deenfeld,
1181 4119 1242 4179 Νο.
1267 4118 1387 4197 15995)
1404 4134 1433 4178 et

125 4209 327 4271 Innocentius
343 4208 381 4269 ΙΙΙ
397 4207 421 4287 (1
436 4229 444 4269 1
461 4208 526 4270 Jan.
542 4209 634 4289 1214)
645 4209 832 4291 patriarchae
844 4208 1129 4291 Hierosolymitano
1141 4207 1295 4288 praecipit,
1307 4222 1433 4269 moneat

124 4299 308 4381 episcopum
325 4303 553 4376 Acconensem,
576 4315 610 4360 ut
625 4298 758 4359 chrisma
774 4299 867 4377 gratis
884 4298 922 4359 de
939 4314 1039 4359 cetero
1056 4296 1200 4358 ecclesiae
1222 4297 1257 4358 B.
1276 4295 1433 4358 Laurentii

125 4389 312 4468 Acconensi,
330 4407 425 4469 quarn
442 4388 613 4449 lanuenses
629 4388 800 4470 possident,
818 4388 966 4449 concedat
982 4386 1139 4464 (Potthast,
1156 4386 1217 4449 No.
1229 4387 1337 4466 4878).
1361 4383 1433 4445 599

201 4493 221 4560 ¹)
241 4488 286 4546 Cf.
299 4506 385 4561 supra
399 4489 453 4545 No.
468 4507 509 4560 55.

215 4649 233 4682 „
279 4604 345 4665 Jan.
369 4604 416 4665 16.
441 4601 623 4665 Tusculani.
640 4636 684 4645 —
700 4600 876 4662 Alexander
892 4600 929 4661 ΙΙΙ
945 4598 1088 4662 ecclesiae
1113 4600 1264 4680 praelatos
1285 4615 1381 4679 rogat,
1400 4615 1434 4662 ut

126 4693 230 4755 fratrea
238 4692 374 4775 Templi,
386 4693 497 4754 latores
507 4691 716 4774 praesentium
727 4705 756 4751 et
766 4689 910 4751 ecclesiae
921 4687 1077 4751 orientalis
1088 4688 1226 4766 nuntios,
1238 4689 1371 4768 benigne
1384 4708 1432 4750 re-

125 4783 239 4864 cipiant
255 4799 284 4844 et
298 4783 336 4844 de
354 4780 495 4862 ejusdem
505 4797 583 4843 statu
595 4781 739 4842 certiores
750 4780 817 4841 facti
829 4799 940 4840 omnes
951 4777 1064 4841 Christi
1076 4777 1182 4840 fideles
1192 4779 1230 4840 ad
1240 4778 1438 4840 liberandam.

125 4873 255 4934 Terram
272 4872 414 4934 Sanctam
432 4871 619 4953 compellant
636 4870 727 4951 (Rog.
745 4870 782 4930 de
801 4870 971 4930 Hovedene
988 4868 1022 4947 ll,
1040 4887 1069 4950 p.
1089 4888 1106 4930 2
1113 4870 1229 4949 58-2
1236 4885 1292 4948 59;
1314 4868 1431 4932 Bened.
