3398 5400
296 341 354 423 196
683 379 686 384 -
856 332 1031 410 Regesta

290 573 553 619 sarracenatorum
577 555 708 638 acceptis
729 557 825 618 casale
842 557 965 635 Aguille
978 557 999 635 2)
1018 558 1049 618 in
1066 558 1202 637 partibus
1219 558 1353 619 Acconis
1369 558 1462 619 situm
1480 557 1596 633 vendit,

290 664 319 708 et
340 647 378 708 de
400 646 491 708 casali
506 667 565 709 suo
582 647 606 707 F
609 647 705 726 iergio
722 646 871 725 (Phergia)
897 666 1021 708 necnon
1043 649 1081 708 de
1105 664 1184 709 terra
1206 669 1261 709 sua
1285 648 1390 709 casalis
1411 646 1552 708 Umberti
1569 662 1597 706 et

289 736 355 797 aliis
387 736 537 797 casalibus
568 736 707 797 redditus
733 735 886 815 quosdam
913 736 1054 797 concedit
1079 752 1107 797 et
1133 737 1234 817 sigillo
1259 736 1433 817 confirmat,
1460 736 1597 815 denique

289 841 424 887 veterem
436 824 632 886 franchisiam
650 845 704 906 per
719 841 818 886 totum
831 844 963 904 regnum
975 826 1080 906 Cypri,
1091 827 1178 906 quod
1189 847 1239 888 rex
1252 826 1425 887 Almaricus
1435 824 1598 906 privilegio

290 916 383 976 dedit.
401 949 445 960 -
466 914 636 976 Rainaldus
660 914 806 996 Sydonis,
833 914 986 976 Radullus
1009 915 1258 996 Tiberyadensis,
1283 913 1476 977 senescalcus
1500 913 1597 992 regni,

289 1005 448 1066 Johannes
465 1005 502 1065 de
520 1004 665 1082 Ybeliuo,
676 1004 871 1064 conestabilis
887 1004 985 1082 regni,
995 1004 1142 1065 Tetricus
1153 1006 1190 1066 de
1201 1005 1291 1081 Orca,
1303 1005 1471 1083 Johannes,
1482 1023 1598 1064 mares-

290 1095 392 1155 calcus
409 1094 507 1173 regni,
517 1093 663 1154 Terricus
680 1093 718 1153 de
734 1093 988 1170 Terremonde,³)
1007 1094 1172 1155 Rohardus
1183 1096 1220 1156 de
1232 1095 1385 1175 Cayphas,
1397 1092 1598 1153 Raimuudus

290 1184 328 1245 de
352 1183 505 1261 Gibeleto,
529 1182 701 1244 Balduinus
726 1183 764 1243 de
789 1183 918 1259 Bethan,
943 1182 1112 1244 Nicholaus
1136 1184 1174 1244 de
1198 1184 1359 1244 Nazareth.
1400 1183 1517 1243 Datum
1542 1200 1598 1262 per

290 1292 419 1334 manum
446 1272 547 1349 Joscii,
573 1271 796 1352 archiepiscopi
823 1273 972 1351 regnique
998 1272 1169 1334 cancellarii
1196 1272 1356 1351 (Strehllce,
1384 1292 1414 1354 p.
1442 1273 1597 1347 27-28,

290 1364 350 1424 No.
371 1382 428 1442 343
454 1361 492 1422 cf.
510 1381 540 1443 p.
565 1361 644 1438 122).
1528 1356 1598 1418 733

366 1468 384 1531 ¹)
404 1465 536 1520 Strehlhe
554 1463 765 1519 accuratissime
786 1463 928 1535 exposuit,
949 1464 1005 1518 hoc
1027 1461 1153 1535 diploma
1174 1462 1302 1535 spurium
1322 1479 1401 1529 esse;
1420 1462 1456 1517 cf.
1470 1462 1599 1531 'locche,

290 1554 317 1617 p.
333 1554 391 1661 ἐφ.
451 1540 489 1620 J)
504 1538 592 1621 Quod
603 1536 729 1605 Conder,
745 1535 925 1616 Quartstat.
939 1535 969 1589 18
1006 1553 1054 1606 ,p.
1065 1537 1106 1606 36,
1119 1535 1199 1620 idern
1210 1551 1272 1590 esse
1287 1547 1384 1589 censet
1398 1548 1446 1588 ac:
1461 1531 1599 1606 alajliyar

290 1625 318 1662 rn
350 1611 436 1679 lappa
459 1608 557 1662 lerrae
571 1614 695 1662 banetae
709 1607 819 1678 anglica
833 1607 927 1676 (sheet
941 1607 962 1660 ll
977 1616 995 1675 ).
1075 1612 1098 1674 ³)
1118 1606 1162 1660 Cf.
1177 1606 1300 1674 hracleS,
1314 1623 1341 1676 p.
1356 1604 1416 1678 278,
1431 1623 1490 1678 353.

371 1757 390 1788 „
438 1710 510 1790 Maj.
524 1714 552 1772 8.
570 1712 720 1773 Laterani.
738 1746 781 1755 —
798 1712 995 1773 Coelestinus
1011 1710 1048 1771 lll
1066 1710 1598 1791 episcopoValaniensi,qui,quum

291 1802 328 1862 ad
355 1802 469 1863 Sedem
491 1801 703 1882 Apostolicam
730 1801 903 1862 accessisset
928 1816 958 1862 et
982 1820 1055 1861 cum
1082 1799 1223 1861 fratribus
1249 1800 1418 1880 Hospitalis
1444 1800 1481 1859 de
1507 1798 1598 1858 variis

291 1891 525 1971 quaestionibus
551 1891 671 1969 egisset,
702 1908 735 1952 ut
761 1890 864 1951 omnis
889 1890 1029 1970 quaestio
1055 1890 1218 1970 sopiretur,
1242 1889 1369 1967 signum
1392 1889 1491 1949 crucis
1517 1886 1599 1965 juxta

291 1980 553 2041 consuetudinem
577 1980 731 2041 dictorum
756 1979 892 2058 fratrum,
915 1980 953 2040 de
977 1998 1113 2059 quorum
1139 1979 1296 2039 consortio
1320 1978 1486 2059 episcopus
1503 1977 1599 2038 lactus

292 2069 358 2145 fuit,
384 2069 416 2129 iu
437 2069 573 2130 vestibus
590 2086 710 2150 portare
727 2069 869 2150 promisit
884 2084 914 2130 et
931 2070 968 2129 de
986 2067 1186 2129 indemnitate
1204 2068 1372 2148 Hospitalis
1388 2086 1483 2147 super
1499 2081 1598 2127 castro

292 2160 432 2239 Margato
456 2178 509 2219 eos
533 2157 708 2235 juramento
731 2178 857 2219 securos
881 2157 1023 2234 reddidit,
1048 2156 1199 2232 concedit,
1224 2173 1257 2218 ut
1279 2157 1510 2218 successoribus
1526 2155 1598 2216 inde

292 2248 415 2309 nullum
433 2246 657 2329 praejudicium
673 2264 847 2326 generetur,
873 2247 931 2308 nisi
954 2247 1204 2328 praedecessores
1221 2245 1357 2308 dominis
1374 2245 1504 2326 Margati
1522 2243 1598 2305 illud

292 2337 460 2397 constiterit
486 2336 669 2417 praestitisse
696 2336 906 2416 (waenfeld,
937 2336 1065 2416 Epistol.
1094 2335 1204 2416 pontif.
1232 2335 1449 2396 Romanorum
1481 2334 1598 2406 incdit,

292 2426 412 2507 Lipsiae
435 2427 527 2506 1885,
545 2445 574 2506 p.
595 2427 674 2506 2653
699 2425 985 2503 Jaffe-Lowenfeld,
1007 2426 1067 2485 Νο.
1092 2446 1126 2491 ¹7
1140 2425 1222 2504 534l·
1530 2419 1599 2481 734

374 2578 392 2609 ,,
440 2532 550 2594 Octob.
569 2554 614 2612 ¹9·
643 2532 677 2593 ln
693 2533 806 2615 palatio
822 2533 966 2594 Acconis.
984 2565 1027 2575 -
1044 2532 1209 2607 Henricus,
1227 2550 1332 2592 comes
1348 2530 1502 2611 palatinus
1521 2530 1598 2590 Tre-

293 2623 401 2701 censis,
413 2622 543 2683 consilio
556 2622 724 2699 Mlonachi)
736 2622 921 2703 patriarchae
939 2621 1055 2682 Pisanis
1071 2621 1266 2682 securitatem
1283 2619 1315 2680 in
1331 2636 1409 2680 terra
1425 2639 1480 2680 sua
1497 2618 1599 2699 sigillo

293 2711 465 2773 confirmat.
483 2746 526 2755 —
543 2712 714 2773 Rainaldus
730 2712 933 2793 Sydonensis,
946 2711 1018 2790 Ugo
1028 2710 1220 2792 Tyberiadis,
1231 2708 1385 2771 Radullus
1395 2709 1597 2786 senescalcus,

293 2802 480 2863 Baldevinus
497 2801 535 2862 de
552 2801 709 2879 Bethania,
727 2801 885 2864 Gerardus
901 2801 939 2862 de
956 2800 1058 2877 Crico,
1070 2798 1211 2860 Villanus
1228 2799 1265 2860 de
1283 2799 1395 2860 Alneto
1413 2798 1461 2875 (G.
1474 2796 1598 2877 Muller,

293 2911 323 2972 p.
334 2911 386 2971 73,
396 2892 456 2952 No,
467 2911 507 2970 45
519 2910 527 2966 ;
545 2890 582 2952 cl.
594 2891 742 2952 Archives
753 2891 783 2952 d.
795 2891 878 2951 miss.
889 2889 1030 2968 scientis,
1041 2890 1060 2950 l.
1071 2908 1096 2950 c.
1108 2909 1138 2969 p.
1152 2892 1212 2969 363
1224 2909 1231 2961 ;
1250 2888 1341 2970 Heyd
1352 2888 1373 2967 l,
1384 2908 1414 2968 p.
1428 2888 1511 2967 316).
1530 2883 1599 2946 735

343 2995 430 3056 1197
449 2997 560 3058 Octob.
581 3016 631 3077 ²4·
658 3032 698 3040 -
721 2997 884 3075 Juliana,¹)
909 2995 1037 3057 domina
1061 2997 1243 3073 Caesareae,
1268 2994 1414 3074 Hugonis
1437 2995 1600 3074 quondam

294 3085 416 3148 domini
433 3087 598 3148 Caesareae
615 3086 686 3163 filia,
704 3106 830 3147 assensu
847 3085 946 3146 mariti
963 3085 1109 3146 Ademari
1127 3085 1279 3165 Hospitali
1297 3104 1351 3165 per
1367 3102 1497 3144 manum
1514 3083 1600 3146 Gau-

294 3176 365 3237 lridi
382 3176 518 3255 magistri
535 3177 631 3237 casale
649 3174 780 3237 Haltalia
796 3194 868 3236 cum
892 3174 1095 3256 pertinentiis,
1113 3175 1200 3255 quod
1224 3174 1324 3234 eidem
1349 3173 1440 3234 frater
1462 3172 1600 3233 Julianae

294 3265 471 3344 Gualterus,
489 3265 638 3327 dominus
655 3266 833 3340 Caesareae,
850 3265 883 3325 in
900 3265 1042 3325 extremis
1059 3264 1179 3345 positus
1195 3282 1300 3324 coram
1316 3262 1466 3325 Guidoue
1483 3281 1555 3342 rege
1571 3276 1601 3322 et

295 3355 463 3432 Monach0,
481 3353 558 3415 olim
574 3354 764 3416 Caesariensi
781 3353 1014 3434 archiepiscopo
1038 3353 1091 3414 sed
1116 3371 1202 3413 nunc
1225 3352 1393 3432 patriarcha
1417 3350 1600 3433 Hierosoly-

295 3444 423 3520 mitan0‚
449 3445 625 3523 donaverat,
652 3444 753 3522 sigillo
779 3442 951 3505 confirmat.
980 3479 1015 3488 -
1041 3442 1198 3503 lohannes
1224 3442 1398 3519 Gervasius,
1421 3440 1601 3502 Willelmus

294 3532 397 3612 Level,
404 3534 425 3611 ²)
450 3532 560 3593 Simon
578 3533 615 3593 de
634 3533 789 3609 Caesarea,
814 3533 969 3593 Robertus
993 3532 1105 3608 Perret,
1123 3532 1224 3592 Adam
1241 3531 1373 3607 Costa,³)
1389 3530 1548 3591 lohannes
1563 3530 1600 3591 de

294 3622 398 3704 Flory,
416 3622 588 3683 vicecomes
598 3623 799 3701 Acconensis,
811 3621 985 3682 halduinus
996 3620 1092 3701 Cipri,
1105 3620 1266 3701 Philippus
1278 3620 1468 3702 Morezyn,⁴)
1485 3620 1600 3680 Johau-

295 3731 350 3772 nes
366 3712 404 3772 de
420 3711 448 3771 la
465 3711 582 3788 Forest,
606 3711 746 3773 Thomas
770 3710 964 3787 camerarius,
989 3709 1152 3788 Radullus,
1178 3710 1268 3770 frater
1292 3707 1368 3786 ejus.
1409 3708 1524 3769 Datum
1548 3726 1602 3790 per

295 3820 424 3861 manum
450 3800 690 3878 Bartholomaei,
714 3800 887 3861 Tiberiadis
913 3798 1122 3860 archidiaconi
1147 3813 1176 3860 et
1201 3797 1425 3879 archiepiscopi
1451 3796 1601 3859 Nazareui

294 3889 395 3951 clerici
412 3890 506 3965 (Paoli
524 3890 543 3968 l,
560 3909 590 3970 p.
610 3890 660 3969 89,
677 3891 736 3951 No.
756 3892 814 3970 833
840 3889 876 3950 cl.
895 3908 924 3971 p.
946 3888 1139 3969 513—514).
1532 3882 1601 3945 736

369 3994 390 4058 ¹)
410 3991 453 4044 De
467 4007 523 4061 qua
538 3989 662 4055 Eracles,
675 4007 701 4061 p.
714 3990 774 4061 306,
920 3991 942 4056 ²)
962 3986 1052 4042 Alias:
1066 3987 1166 4057 Lovel,
1178 3985 1286 4041 Lebel?
1360 3990 1383 4055 ⁸)
1403 3987 1446 4041 De
1461 4002 1520 4057 quo
1534 3984 1601 4041 Lois

294 4061 351 4131 (ed.
365 4063 513 4133 Bcugnot')
526 4062 546 4131 l,
559 4078 586 4132 p.
598 4079 632 4130 42
636 4079 661 4132 5.
734 4063 758 4128 ⁴)
814 4059 869 4114 ias:
883 4057 1056 4115 Morosinus.

377 4211 395 4244 ,‚
442 4167 523 4227 Nov.
552 4185 602 4227 22.
638 4198 682 4209 —
716 4165 909 4247 hymericus,
943 4184 996 4226 rex
1029 4164 1124 4246 Cypri
1158 4180 1187 4225 et
1213 4163 1300 4243 regni
1326 4161 1602 4245 Hierosolymitani

294 4256 534 4334 comestabulus,
551 4254 664 4333 Joscio,
681 4255 915 4336 archiepiscopo
929 4254 1085 4336 Tyriensi,
1102 4254 1206 4334 quoad
1223 4253 1305 4331 vixit,
1322 4251 1420 4313 casale
1437 4251 1602 4313 Levadiam

295 4345 327 4406 in
339 4345 440 4407 insula
450 4345 546 4426 Cypri
556 4345 650 4405 situm
667 4364 739 4405 cum
756 4345 904 4405 omnibus
920 4342 1040 4422 juribus
1057 4343 1199 4404 concedit
1215 4359 1244 4403 et
1260 4362 1294 4403 ea
1311 4341 1490 4403 conditione
1501 4341 1603 4421 sigillo

295 4433 468 4513 confirmat,
493 4448 527 4495 ut
549 4450 619 4515 post
640 4432 706 4512 ejus
723 4449 855 4494 mortem
872 4432 983 4494 Simon
1002 4451 1099 4513 nepos
1116 4446 1145 4493 et
1162 4449 1231 4513 post
1247 4430 1387 4510 ejusdem
1403 4447 1537 4492 mortem
1553 4450 1602 4492 ec-

295 4523 557 4604 clesiaTyriensis
573 4522 691 4584 dictum
709 4521 806 4583 casale
823 4522 987 4603 possideat.
1000 4555 1043 4566 —
1054 4521 1228 4582 himericus
1244 4523 1282 4583 de
1298 4520 1398 4599 Rivet,
1410 4518 1603 4581 senescalcus

295 4613 402 4696 Cypri,
420 4612 585 4674 Reiuerius
608 4612 646 4673 de
668 4611 779 4690 Biblio,
805 4610 975 4672 Reiualdus
996 4612 1033 4672 de
1050 4610 1228 4689 Suessione,
1252 4611 1353 4671 Adam
1370 4609 1408 4671 de
1424 4609 1602 4687 Antiochia,

295 4702 484 4765 Guillelmus
500 4703 539 4763 de
554 4702 671 4779 Balma,
696 4701 858 4763 Rolandus
875 4701 913 4762 de
928 4701 1045 4780 Balma,
1070 4700 1160 4761 frater
1175 4699 1252 4778 ejus,
1276 4699 1381 4761 Helias
1404 4699 1443 4760 de
1466 4699 1601 4775 Robore,

296 4792 407 4854 Simon
423 4791 462 4852 de
479 4792 596 4873 Paph0,
614 4790 786 4852 Balduinus
804 4789 955 4853 Usserius.
973 4791 1087 4851 Datum
1104 4804 1149 4850 est
1164 4809 1218 4870 per
1233 4808 1363 4851 manum
1382 4788 1485 4867 Alani,
1505 4787 1603 4848 archi-

295 4880 433 4963 episcopi
444 4880 635 4942 Nicosieusis
645 4896 674 4941 et
683 4879 778 4962 Cypri
790 4878 958 4941 cancellarii
971 4879 1028 4956 (De
1039 4881 1106 4941 Mas
1117 4878 1216 4940 Latrie
1228 4878 1275 4958 llI,
1287 4878 1516 4962 pono-607).
1535 4872 1603 4937 737
