3398 5400
624 343 704 415 tegni
717 339 980 417 Hierosolymltani.
1389 365 1450 430 259

147 436 304 446 ———-

145 572 244 652 fuerit,
260 572 372 635 deinde
389 573 445 634 has
461 573 675 655 possessiones
692 573 906 635 ultramarinas
923 572 1100 635 confirmat:
1125 572 1277 635 decimam
1295 574 1452 653 Thecuae,

144 663 183 724 de
199 661 274 744 Scyr
290 678 320 724 et
335 662 513 742 Bethscuar,
531 664 638 724 casalia
656 663 686 724 S.
698 663 836 744 Georgii,
854 664 1035 740 Bethenase,
1052 663 1240 740 Bethelaam,
1258 663 1451 741 Berbetham,

145 751 289 827 Quercus
301 752 323 830 ³)
340 767 370 813 et
386 750 542 831 jardinum
558 753 714 830 Archas,⁴)
732 753 763 813 in
781 753 960 834 episcopatu
985 752 1132 813 Ramensi
1156 768 1268 813 terram
1289 767 1319 812 et
1336 752 1452 813 herbile

145 841 315 902 Belmekim
332 857 361 902 et
376 840 502 920 Oliban,
526 840 558 903 in
575 842 840 923 archiepiscopatu
858 841 1049 904 Caesariensi
1072 841 1201 919 Belveir,
1229 841 1261 902 in
1285 840 1452 922 archiepis-

145 947 256 1012 copatu
268 931 546 1010 NazaretBedaica,
564 930 596 992 in
614 930 794 1013 episcopatu
805 932 976 993 Thabariae
987 931 1091 1009 Halm,
1109 930 1269 992 ecclesiam
1287 930 1317 992 S.
1329 929 1452 992 Martini

144 1021 329 1102 Tyrensem,
356 1019 386 1081 S.
405 1020 519 1081 Mariae
543 1021 795 1098 Gibelletensem,
822 1021 852 1082 S.
873 1021 986 1081 Mariae
1012 1022 1050 1081 de
1077 1021 1185 1081 Monte
1211 1020 1452 1098 Peregrinorum

145 1129 217 1171 cum
233 1110 396 1188 Calamon,
415 1109 575 1171 ecclesiam
593 1130 687 1171 unam
705 1111 912 1191 Joppensem.
932 1158 938 1170 .
958 1158 964 1171 .
984 1157 1001 1188 .,
1018 1108 1135 1191 Seylon
1152 1110 1185 1170 in
1201 1109 1354 1170 territorio
1372 1110 1452 1170 Nea-

145 1197 296 1279 politano,
314 1199 410 1259 casale
428 1199 596 1271 Bethleem,
614 1215 736 1277 terram,
754 1218 850 1279 quam
866 1214 973 1260 tenent
989 1197 1266 1280 Hierosolymitani
1283 1199 1454 1277 burgenses

145 1287 234 1348 sitam
257 1287 335 1348 inter
359 1287 516 1349 Bethleem
533 1304 562 1350 et
577 1289 756 1366 Jerusalem,
781 1289 877 1350 casale
894 1289 927 1349 in
944 1287 1088 1365 Galilaea,
1109 1288 1196 1367 quod
1215 1288 1314 1349 Bedar
1331 1286 1452 1363 dicitur,

146 1377 211 1438 dno
227 1377 337 1438 casalia
353 1377 386 1438 in
401 1376 540 1439 confinio
552 1377 646 1439 Vallis
663 1379 701 1439 de
712 1378 826 1457 Cursu,
844 1397 924 1458 quae
935 1376 1148 1458 Caphrapalos
1165 1393 1193 1439 et
1209 1377 1369 1439 Caxusum
1386 1376 1453 1437 vul-

145 1465 255 1545 gariter
271 1466 475 1548 appellantur,
493 1468 606 1527 domos
622 1483 651 1527 et
667 1468 774 1528 hortos
790 1465 822 1527 in
839 1468 916 1528 urbe
928 1466 1155 1547 Hierosolyma,
1172 1486 1273 1527 unum
1291 1465 1454 1527 hominem

147 1575 218 1617 cum
235 1554 375 1634 ejusdem
393 1555 652 1637 possessionibus,
665 1556 797 1617 domum
808 1560 1024 1617 Acconensem
1036 1556 1117 1616 inter
1126 1555 1286 1616 ecclesiam
1298 1555 1328 1616 S.
1339 1555 1454 1616 Mariae

147 1645 184 1704 de
201 1645 301 1705 Platea
318 1660 450 1707 etvetus
466 1645 615 1726 palatium
632 1646 731 1724 sitam,
752 1643 833 1723 juxta
850 1646 1043 1724 Bethlehem,
1068 1645 1234 1706 Bethlezan
1251 1659 1280 1704 et
1296 1644 1454 1706 Artasium

146 1734 360 1815 possessiones
377 1750 406 1795 et
421 1750 524 1812 terras,
550 1733 648 1813 majus
666 1751 820 1814 stagnum,
839 1735 924 1796 unde
948 1735 1118 1815 antiquitus
1141 1754 1221 1814 aqua
1244 1733 1277 1794 in
1294 1733 1454 1794 Bethleem

147 1823 262 1884 solebat
279 1822 427 1901 defluere,
444 1843 516 1885 cum
534 1824 726 1907 pertinentiis
749 1827 787 1886 ab
806 1825 957 1885 Anselmo
981 1824 1018 1884 de
1044 1823 1199 1885 Parentela
1222 1842 1350 1884 assensu
1375 1822 1455 1902 regis

147 1911 273 1990 collatis,
290 1913 367 1974 duas
383 1929 552 1975 carrucatas
569 1929 674 1991 terrae,
691 1933 768 1993 quas
785 1913 942 1976 Geroldus
960 1913 991 1973 iu
1008 1912 1161 1974 territorio
1177 1911 1302 1991 Phagor
1317 1912 1453 1989 donavit,

120 2000 130 2024 ¹·
146 2016 240 2063 terras
263 2001 296 2062 in
319 2002 472 2063 territorio
495 2003 668 2079 Bethamar,
692 2003 841 2064 villanum
865 2023 937 2064 cum
961 2003 1128 2064 hereditate
1152 2001 1185 2062 in
1208 2001 1298 2062 casali
1322 2001 1399 2083 Sayr
1417 2002 1454 2061 ab

148 2091 272 2151 Andrea
291 2091 329 2152 de
345 2092 481 2173 Templo
505 2092 661 2170 collatum,
686 2093 765 2153 inter
787 2091 969 2154 Bethlehem
993 2109 1022 2153 et
1045 2092 1212 2154 Jerusalem
1236 2088 1344 2169 casale,
1368 2090 1454 2171 qnod

148 2180 274 2241 donavit
297 2179 426 2242 Pisellus
452 2181 623 2242 vicecomes
647 2196 676 2242 et
699 2182 784 2243 Gisla
808 2197 931 2243 uxorei
947 2181 1043 2261 vulgo
1067 2197 1177 2241 vocant
1199 2179 1397 2258 Cadichinos,
1422 2179 1455 2239 in

148 2269 301 2331 territorio
325 2269 355 2331 S.
374 2270 515 2330 Abrahae
532 2271 630 2331 casale
647 2270 865 2351 Bethenasipli,
890 2291 927 2331 ex
950 2270 1046 2331 feudo
1069 2268 1194 2331 Radulfi
1218 2270 1257 2330 de
1280 2269 1454 2331 Fontanero

148 2359 244 2420 casale
268 2359 474 2435 Bechfassam,
501 2358 533 2419 in
557 2361 633 2420 urbe
657 2361 823 2421 Caesareae
847 2358 1034 2420 Palaestinae
1057 2360 1189 2420 domum
1207 2375 1235 2420 et
1259 2358 1291 2419 in
1314 2357 1454 2437 ejusdem

149 2447 303 2510 territorio
328 2449 425 2510 casale
450 2448 580 2526 Belveir,
608 2448 639 2509 in
666 2449 818 2511 territorio
844 2449 992 2510 Ramensi
1018 2449 1113 2510 casale
1138 2448 1281 2526 Thaeria,
1308 2447 1340 2509 in
1367 2447 1454 2508 casali

151 2537 181 2598 S.
201 2537 315 2598 Mariae
333 2537 399 2598 Vlll
416 2554 585 2599 carrucatas
601 2554 707 2614 terrae,
731 2537 840 2600 casalia
857 2537 1059 2611 Bethmelchi,
1084 2537 1221 2599 Heberre
1237 2554 1266 2598 et
1282 2537 1403 2614 Luban,
1423 2536 1455 2596 in

151 2628 226 2688 urbe
242 2626 364 2708 Joppen
381 2627 494 2688 domos
510 2642 540 2688 et
556 2643 661 2704 terras,
673 2627 756 2705 juxta
773 2628 891 2688 flumen
902 2627 1105 2688 Eleutherum
1122 2626 1145 2687 ll
1163 2642 1331 2687 carrucatas
1347 2643 1453 2697 terrae,

149 2715 295 2797 Cayphae
313 2716 446 2777 domum
463 2715 595 2776 vicinam
613 2732 727 2797 portae,
744 2737 805 2797 qua
822 2717 883 2778 itur
899 2716 930 2777 in
950 2718 1058 2777 urbem
1079 2722 1196 2793 Accon,
1220 2731 1249 2776 et
1267 2716 1298 2776 in
1315 2714 1453 2793 ejusdem

149 2805 303 2867 territorio
320 2804 345 2865 ll
366 2821 536 2866 carrucatas
560 2822 665 2884 terrae,
690 2805 723 2866 in
747 2808 822 2867 urbe
845 2805 1018 2867 Tiberiadis
1041 2806 1174 2867 domum
1197 2820 1227 2865 et
1248 2805 1281 2867 in
1304 2802 1456 2866 territorio

150 2894 247 2956 casale
258 2893 331 2956 Aim
347 2914 418 2956 cum
437 2895 638 2975 pertinentiis,
655 2914 735 2975 quae
752 2895 793 2956 cis
810 2910 838 2956 et
854 2896 928 2956 citra
939 2895 1069 2975 flumen,
1080 2895 1168 2974 qnod
1185 2915 1201 2955 a
1219 2892 1294 2955 mari
1306 2893 1456 2956 Cedeleae

150 2983 268 3061 defluit,
292 2984 348 3044 sita
364 3000 446 3062 sunt,
463 2984 560 3046 casale
576 2984 704 3046 Sembra
721 3005 758 3045 ex
774 2985 860 3046 douo
878 2984 985 3064 Ulrici,
1002 2983 1191 3045 vicecomitis
1207 2982 1412 3064 Neapolitani,
1428 2997 1457 3043 et

150 3073 247 3134 casale
273 3073 462 3155 Capraculae
488 3094 525 3134 ex
551 3074 637 3135 dono
664 3074 822 3135 Bernatdii
839 3074 986 3151 Vaccarii,
1013 3072 1109 3134 casale
1134 3073 1299 3151 Ramadec,
1323 3072 1356 3132 in
1380 3072 1456 3133 urbe

150 3162 312 3223 Ascalonis
329 3164 462 3224 domum
480 3182 550 3224 cum
569 3163 762 3241 stationibus,
783 3162 929 3224 balneum
947 3163 1096 3240 vicinum,
1113 3160 1270 3240 jardinum
1286 3178 1367 3222 extra
1383 3180 1456 3242 por-

149 3266 221 3329 tam,
239 3271 318 3332 quae
336 3251 459 3333 respicit
475 3253 514 3313 ad
526 3252 689 3328 orientem,
708 3272 800 3313 muro
816 3250 1017 3331 adjacentem,
1034 3268 1137 3327 terras,
1148 3251 1263 3329 vineas,
1282 3250 1410 3312 furnum
1427 3264 1457 3310 et

151 3340 379 3420 molendinum,
392 3341 432 3402 lV
443 3357 613 3403 carrucatas
630 3357 727 3403 terrae
744 3342 781 3402 ad
799 3342 830 3402 S.
840 3342 1035 3419 Michaelem,
1051 3341 1148 3402 casale
1166 3341 1346 3401 Bethamam
1359 3359 1456 3421 prope

150 3428 347 3507 Ascalonem,
372 3429 455 3508 juxta
472 3432 552 3491 viam
572 3432 603 3492 S.
622 3432 780 3492 Michaelis
797 3432 824 3492 V
841 3445 1010 3492 carrucatas
1027 3445 1132 3507 terrae,
1150 3429 1283 3508 vineam,
1301 3449 1381 3509 quae
1399 3428 1457 3490 fuit

150 3518 406 3598 GuilelmiRuffi,
424 3520 612 3581 vicecomitis
624 3520 844 3596 Ascalonitani,
862 3520 1039 3598 contiguam
1058 3517 1178 3597 jardino
1189 3518 1358 3598 Bethleem,
1370 3519 1456 3599 quod

150 3623 195 3668 est
219 3625 302 3669 extra
326 3625 447 3691 portam
471 3608 633 3671 Ascalonis
656 3610 694 3670 ad
718 3608 883 3685 sinistram,
910 3608 1018 3669 casalia
1040 3608 1203 3670 Zachariae
1228 3625 1257 3669 et
1279 3608 1311 3670 S.
1329 3606 1456 3687 Georgii

149 3716 222 3759 cum
248 3697 449 3780 pertinentiis,
468 3718 548 3779 quae
572 3698 700 3760 donavit
716 3699 897 3761 Gonfredus
920 3699 958 3759 de
974 3699 1086 3777 Turre,
1110 3717 1183 3759 cum
1201 3698 1300 3759 feudis
1317 3718 1353 3759 ex
1370 3698 1457 3758 dono

150 3787 306 3867 Hugonis,
331 3788 452 3849 domini
476 3790 514 3848 de
538 3787 569 3849 S.
587 3790 753 3865 Abraham,
778 3790 874 3849 casale
891 3789 1076 3868 Bethaleant,
1098 3788 1210 3849 domos
1227 3787 1456 3868 Neapolitanas,

149 3877 283 3938 domum
297 3877 472 3958 Tyrensem
499 3896 596 3958 prope
622 3877 778 3938 castellum
805 3879 903 3954 sitam,
930 3878 962 3938 in
988 3878 1103 3939 diocesi
1129 3877 1325 3938 Antiocheno
1351 3875 1458 3936 casalia

150 3966 299 4045 Carcasia,
315 3966 470 4042 Baldadia,
488 3967 640 4044 Gabamo,
664 3967 769 4028 vineas
790 3967 828 4028 de
844 3967 1009 4047 Norsinge,
1031 3967 1215 4028 Antiochiae
1233 3966 1272 4027 Vl
1296 3967 1408 4026 domos
1425 3964 1456 4024 in

149 4055 218 4116 vico
235 4053 392 4116 Panticelli
409 4055 441 4116 in
458 4056 602 4137 parochia
629 4055 659 4117 S.
677 4056 831 4132 Thomae,
849 4056 980 4116 domum
1000 4055 1145 4117 ecclesiae
1168 4055 1199 4116 S.
1217 4054 1295 4115 Petri
1313 4054 1456 4130 vicinam,

149 4145 293 4222 domum,
310 4143 364 4206 ubi
381 4143 460 4206 fiunt
477 4145 507 4223 (ἲ)
524 4144 690 4224 calamitae,
707 4145 743 4206 lll
761 4145 856 4225 petias
873 4143 1065 4222 jardinorum
1083 4145 1115 4205 in
1132 4143 1277 4227 parochia
1293 4143 1324 4205 S.
1341 4143 1456 4222 Jacobi,

150 4234 285 4295 decimas
309 4232 452 4295 laborum
472 4253 614 4308 suorum,
636 4253 716 4314 quos
738 4233 870 4315 propriis
894 4235 1038 4297 manibus
1061 4251 1114 4297 aut
1139 4232 1316 4316 sumptibus
1339 4232 1457 4310 colunt,

149 4323 428 4386 commutationem
453 4323 531 4385 inter
555 4324 714 4385 ecclesiam
740 4323 985 4385 Bethlemiticam
1008 4340 1037 4386 et
1060 4324 1251 4385 Nazarenam
1269 4324 1308 4385 de
1331 4321 1458 4384 ecclesia

149 4413 325 4474 Acconensi
342 4412 563 4474 rationabiliter
580 4413 689 4474 factam
707 4413 882 4490 (Mittarelli,
899 4412 1013 4474 Annal.
1030 4413 1205 4475 Camaldul.
1217 4413 1268 4491 Vl,
1285 4431 1356 4495 app.
1374 4430 1456 4492 4993

149 4502 267 4581 Bullae,
291 4501 406 4582 quibus
429 4503 535 4564 eccles.
562 4503 659 4565 Bethl.
684 4502 897 4584 possessiones
920 4501 1145 4563 confirmantur
1169 4500 1324 4580 [Genevae
1353 4497 1457 4580 18861,

151 4591 169 4651 8
188 4611 251 4672 pp.,
268 4589 323 4672 4⁰3
342 4592 454 4653 Comte
471 4592 564 4653 Riant
582 4592 615 4653 in
626 4592 688 4653 Atti
705 4593 735 4653 d
748 4591 817 4653 Soc.
829 4591 953 4671 Ligure,
971 4591 996 4652 ll
1012 4590 1076 4652 Ser.
1080 4590 1196 4671 ,XVll,
1213 4611 1244 4673 p.
1257 4592 1421 4671 649-65
1426 4591 1456 4669 6,

223 4755 397 4824 )Quercus
410 4755 588 4823 Abraham
577 4755 730 4836 (Hebron),
751 4766 782 4809 ut
801 4754 861 4809 vult
874 4753 1019 4811 Conder
1012 4754 1087 4822 inQ
1061 4754 1162 4822 Quart
1182 4752 1253 4809 Stat.
1279 4752 1391 4826 1890‚p
1373 4770 1457 4881 pff?

152 4831 176 4896 ⁴)
195 4825 327 4882 Arccha
319 4843 348 4880 in
361 4825 463 4882 Marini
475 4825 577 4883 Sanuti
590 4825 792 4898 descriptione,
805 4844 882 4884 nnnc
895 4825 959 4882 ‘Ain
972 4825 1041 4882 Arik
1054 4826 1179 4899 (Survey
1192 4825 1237 4895 Ill,
1249 4842 1276 4897 p
1286 4840 1319 4897 73
1339 4825 1405 4881 Con
1445 4842 1458 4879 r

151 4899 180 4954 in
194 4900 294 4969 Quart.
308 4898 379 4953 Stat.
398 4897 513 4973 1890,p.
528 4902 582 4972 34)

1247 5003 1293 5078 17‘
