3398 5400
674 322 754 400 tegni
767 320 1028 404 llietosolymitani.
1444 354 1452 400 l
1466 354 1500 419 15

246 546 335 607 1168
352 548 440 610 Febr.
459 570 505 629 ¹5·
523 550 701 611 Beneventi.
720 585 762 593 -
779 549 864 610 ldem
882 550 972 611 Petro
989 550 1023 627 ll,
1041 551 1072 612 S.
1085 551 1248 632 Sepulchri
1265 551 1371 633 priori,
1388 550 1501 630 scribit,

197 656 228 698 se
245 638 432 718 patriarchae
443 638 600 700 Amalrico
617 638 820 718 mandavisse,
838 658 877 699 ne
894 640 992 702 invito
1008 640 1104 722 priori
1121 641 1289 703 canonicos
1300 640 1398 702 facere
1415 660 1502 722 prae-

196 742 297 787 sumat
314 727 465 806 (Roziere,
483 747 512 809 p.
526 729 711 808 283-284,
728 729 788 790 Nn.
806 747 881 808 157;
906 727 1191 808 Jaffe-Lawenreld,
1207 730 1268 791 Νο.
1284 752 1315 791 ιι
1332 730 1414 811 38ι).
1432 727 1498 789 441

278 887 296 918 ,,
344 842 433 904 Febr.
456 864 503 924 ¹5·
523 845 701 906 beneventi.
719 878 763 888 -
779 845 864 906 ldem
881 845 982 907 eidem
998 846 1112 924 scribit,
1129 865 1161 906 se
1179 844 1319 921 ejusdem
1336 846 1503 907 confratres

196 931 228 992 P.
241 947 269 991 et
286 931 325 994 G.
338 933 473 1012 benigne
490 935 643 1014 accepisse
660 950 815 995 eteorum
832 931 976 1015 precibus
993 950 1189 997 commotum
1201 934 1359 996 Amalrico
1376 935 1503 1016 patriar-

196 1020 270 1081 chae
287 1022 492 1101 mandavisse,
510 1038 545 1084 ut
560 1025 598 1084 ab
614 1023 651 1083 iis
668 1024 795 1085 nonnisi
806 1024 926 1084 tertiam
938 1039 1055 1106 partem
1068 1043 1181 1103 cereae,
1192 1043 1271 1104 quae
1289 1025 1326 1086 ad
1344 1024 1502 1085 ecclesiam

196 1129 307 1171 eorum
323 1110 502 1191 deferretur,
520 1113 699 1192 requireret,
725 1129 758 1174 ut
774 1113 798 1173 si
815 1112 952 1194 aliquam
969 1113 1121 1174 civitatem
1145 1113 1286 1174 intrasset
1302 1129 1331 1174 et
1347 1114 1380 1174 in
1396 1115 1502 1174 eundo

196 1214 224 1260 et
240 1199 403 1261 redeundo
419 1202 456 1261 ab
481 1201 677 1281 expeditione
703 1202 818 1263 ibidem
841 1221 961 1263 moram
986 1202 1114 1281 fecisset,
1139 1203 1297 1264 universas
1320 1201 1502 1281 oblationes,

196 1307 275 1368 quae
286 1289 324 1350 ad
335 1290 467 1351 eandem
483 1306 552 1372 post
564 1291 740 1352 secundum
751 1291 832 1352 diem
845 1292 1040 1370 offerrentur,
1052 1293 1088 1353 iis
1098 1292 1280 1354 concederet
1291 1311 1367 1353 neve
1378 1306 1501 1370 vetaret,

195 1393 248 1439 aut
263 1397 394 1459 corpora
410 1378 631 1441 defunctorum
641 1396 712 1442 ante
722 1381 826 1442 altaria
836 1401 946 1443 eorum
958 1381 1069 1442 deferri
1080 1396 1134 1443 aut
1144 1401 1249 1442 cruces
1261 1381 1292 1441 in
1303 1381 1353 1442 die
1364 1400 1502 1462 parasce-

195 1487 249 1528 vae
267 1487 372 1530 coram
390 1468 507 1530 eisdem
523 1469 619 1531 teneri
636 1485 667 1531 et
683 1470 788 1531 fratres
805 1470 976 1552 Hospitalis
991 1471 1169 1533 admonitos
1185 1470 1317 1547 nuntiat,
1335 1489 1384 1549 ne,
1402 1490 1502 1551 quum

195 1556 331 1637 aliquam
347 1573 454 1619 contra
471 1577 524 1619 eos
534 1558 694 1639 querelam
711 1560 887 1634 habuerint,
904 1560 1038 1621 decimas
1054 1561 1091 1621 iis
1107 1560 1287 1621 subtrahere
1304 1575 1502 1640 praesumant

195 1645 345 1725 (Roziere,
363 1667 393 1728 p.
413 1649 598 1728 284-285,
616 1649 677 1711 No.
701 1651 776 1728 1583
801 1648 1087 1727 leffe-waenfeld,
1105 1650 1166 1710 No.
1191 1650 1321 1729 11382l.
1432 1646 1503 1708 442

275 1807 294 1837 ,,
341 1762 431 1824 Febr.
447 1762 626 1825 Beneventi.
637 1797 681 1807 -
698 1763 872 1826 Alexander
889 1765 925 1826 lll
942 1764 1131 1842 (Amalrico),
1149 1764 1336 1844 patriarchae
1352 1764 1502 1826 Hieroso·

194 1851 354 1933 lymitan0,
371 1851 534 1929 interdicit,
553 1873 591 1913 ne
609 1854 740 1931 abbates,
764 1855 929 1916 abbatissas
952 1855 1001 1915 vel
1017 1853 1089 1915 alias
1113 1872 1261 1935 personas
1284 1853 1502 1914 ecclesiasticas

194 1940 260 2001 sine
276 1961 404 2003 assensu
421 1957 450 2002 et
467 1941 600 2003 consilio
617 1943 727 2023 prioris
743 1958 772 2004 et
788 1944 1013 2005 canonicorum
1037 1944 1067 2005 S.
1086 1942 1250 2024 Sepulchri
1274 1943 1433 2003 instituere
1454 1944 1502 2003 vel

194 2030 358 2092 destituere
375 2046 551 2111 praesumat
566 2032 744 2112 (Augustini
754 2032 842 2094 Tarr.
854 2033 937 2114 Opp.
950 2033 1000 2113 lV,
1019 2052 1049 2114 p.
1065 2054 1074 2093 ι
1085 2054 1122 2113 57
1133 2051 1140 2109 ;
1160 2031 1260 2093 Mansi
1272 2032 1365 2109 XXll,
1377 2052 1406 2112 p.
1418 2052 1458 2112 43
1466 2052 1481 2112 3
1493 2051 1500 2107 ;

196 2119 314 2180 Decret.
332 2120 463 2201 Gregor.
481 2121 533 2181 lib.
551 2121 598 2198 ΙΙΙ,
616 2137 691 2183 tom.
716 2142 761 2201 ro,
777 2142 802 2183 c.
820 2142 858 2202 4;
882 2121 1173 2201 leffe-Louenfeld,
1191 2122 1251 2183 No.
1276 2143 1306 2182 ιι
1323 2121 1406 2201 384).
1432 2119 1502 2180 443

276 2287 295 2321 ,,
342 2244 432 2305 Mart.
452 2264 480 2305 2.
496 2245 674 2307 Beneventi.
685 2279 728 2288 -
739 2245 825 2306 ldem
835 2245 991 2307 canonicis
1002 2246 1032 2307 S.
1043 2244 1205 2327 Sepulchri
1216 2265 1271 2327 per
1280 2264 1410 2307 manum
1422 2245 1502 2306 Petri

194 2331 305 2413 prioris
313 2333 471 2414 privilegia
479 2354 572 2414 supra
582 2334 651 2411 (No.
663 2355 715 2414 75,
728 2355 797 2415 142,
806 2356 814 2395 1
823 2337 875 2414 80,
884 2355 957 2416 332,
967 2356 982 2416 3
990 2337 1040 2415 56,
1050 2336 1123 2415 368,
1132 2355 1206 2415 37ο,
1218 2355 1290 2415 377,
1299 2334 1502 2415 409)laudata

194 2421 358 2482 confirmat
370 2438 399 2483 et
409 2423 566 2504 deperdita
577 2439 738 2501 memorat,
744 2440 854 2485 terram
865 2424 979 2486 scilicet
989 2425 1147 2505 quandam
1158 2425 1501 2506 Neapolitanam,quam

194 2510 369 2572 Amalricus
385 2512 396 2571 l
413 2532 464 2572 rex
481 2513 515 2573 in
530 2532 615 2574 novo
632 2515 732 2593 burgo
748 2514 885 2592 donavit,
909 2529 939 2576 et
955 2514 1116 2575 ecclesiam
1137 2512 1338 2575 concessione
1355 2513 1502 2574 Amalrici

194 2600 381 2681 patriarchae
403 2602 519 2663 ibidem
542 2602 742 2682 aedificatam,
766 2604 925 2664 ecclesiam
942 2620 971 2664 et
988 2604 1122 2665 decimas
1138 2617 1235 2664 terrae
1252 2604 1290 2663 ab
1306 2603 1456 2682 Rotgerio
1472 2619 1502 2663 et

193 2690 335 2751 Johanne
362 2690 511 2752 militibus
536 2712 570 2753 ac
596 2692 738 2754 fratribus
761 2693 903 2772 donatae,
929 2712 1024 2773 quam
1048 2691 1227 2769 Ernlesiusl,
1250 2692 1501 2773 archiepiscopus

194 2779 580 2859 Caesariensis,concessit,
593 2782 615 2843 ll
626 2796 796 2843 carrucatas
806 2797 998 2862 terrae,quas
1008 2781 1093 2843 dedit
1100 2780 1246 2844 Giraldus
1257 2781 1295 2842 de
1307 2782 1430 2842 Cunin.
1444 2829 1451 2842 .
1464 2828 1470 2842 .
1484 2829 1501 2859 .,

195 2868 327 2930 domum
344 2884 373 2929 et
389 2884 483 2931 terras
501 2870 533 2931 in
544 2870 677 2932 Calcalia
687 2871 768 2949 sitas,
780 2891 858 2951 quas
867 2871 933 2933 Fed
944 2919 951 2932 .
964 2919 971 2933 .
983 2919 990 2932 .
1003 2919 1023 2950 .,
1041 2871 1131 2932 frater
1147 2870 1177 2931 S.
1190 2870 1363 2951 Sepulchri,
1375 2870 1502 2932 donavit

195 2974 224 3019 et
240 2958 507 3038 Bartholomaeus,
524 2960 612 3021 villae
629 2961 788 3039 dominus,
800 2977 987 3022 carrucatam
1003 2961 1121 3022 addens
1137 2959 1340 3036 confirmavit,
1358 2960 1500 3037 domum,

193 3065 289 3128 quam
312 3048 564 3130 archiepiscopus
586 3049 735 3131 Tyrensis
758 3050 906 3111 vendidit.
947 3050 1069 3111 Deinde
1093 3049 1268 3110 Alexander
1290 3048 1443 3129 concedit,
1466 3064 1500 3110 ut

195 3135 266 3197 dicti
290 3137 432 3199 canonici
455 3138 603 3199 stationes
624 3138 751 3220 Templi
774 3139 913 3218 Domini,
939 3138 1056 3201 Montis
1080 3137 1202 3216 Oliveti,
1229 3139 1346 3200 Montis
1369 3138 1456 3220 Syon
1473 3154 1501 3199 et

194 3226 435 3308 vallislosaphat
452 3228 483 3288 in
500 3228 712 3289 festivitatibus
729 3228 847 3290 visitare
858 3229 879 3307 1Ι
896 3244 935 3307 et,
953 3231 1077 3290 absente
1094 3228 1272 3310 patriarcha,
1290 3247 1400 3289 eorum
1417 3228 1502 3309 prior

194 3315 320 3376 missam
337 3316 370 3377 in
387 3316 429 3378 eis
446 3317 598 3379 celebrare
622 3318 728 3399 possit,
754 3333 788 3379 ut
804 3318 1016 3379 malefactores
1038 3338 1113 3379 suos
1129 3334 1157 3378 et
1173 3316 1343 3399 specialiter
1367 3317 1501 3378 decimas

194 3404 368 3466 auferentes
384 3406 600 3487 parrochiales,
618 3407 786 3488 patriarcha
802 3409 938 3485 absente,
949 3407 1102 3469 interdicti
1112 3407 1160 3468 vel
1171 3406 1501 3468 excommunicationis

194 3495 344 3556 sententia
355 3496 564 3557 condemnare
575 3497 704 3575 valeant,
721 3517 756 3558 ac
771 3498 885 3576 statuit,
903 3517 942 3559 ne
959 3497 1145 3578 patriarchae
1161 3497 1224 3558 sive
1241 3497 1336 3576 priori
1347 3516 1395 3557 res
1405 3494 1501 3557 eccle-

195 3583 256 3644 siae
273 3584 331 3645 nisi
349 3585 387 3646 de
403 3585 566 3646 communi
583 3587 631 3647 vel
652 3586 782 3647 sanioris
805 3587 897 3667 partis
921 3587 1143 3649 canonicorum
1169 3585 1300 3647 consilio
1324 3585 1500 3663 distrahere,

194 3672 327 3735 alienare
343 3675 391 3735 vel
408 3674 618 3755 impignorare
641 3675 738 3754 liceat,
763 3676 829 3737 sine
853 3696 981 3738 assensu
998 3675 1046 3736 vel
1063 3675 1194 3738 consilio
1216 3673 1341 3757 capituli
1363 3673 1500 3753 aliquem

194 3763 380 3824 canonicum
396 3764 435 3824 ad
452 3763 589 3844 aliquam
606 3765 815 3827 obedientiam
832 3765 1039 3826 cismarimam
1050 3764 1191 3844 dirigere,
1206 3767 1243 3825 ab
1255 3763 1359 3824 officio
1369 3783 1501 3843 suspen-

194 3852 266 3913 dere
282 3854 330 3913 vel
347 3873 363 3913 a
380 3854 605 3915 canonicorum
623 3854 780 3916 consortio
797 3874 957 3917 removere
973 3855 1033 3915 nisi
1049 3854 1139 3934 culpa
1156 3853 1325 3930 manifesta,
1338 3872 1414 3913 neve
1425 3871 1500 3913 con-

194 3941 346 4022 fratribus,
370 3942 430 4003 nisi
453 3943 729 4006 excommunicatis
752 3945 800 4005 vel
819 3944 998 4021 interdictis,
1022 3962 1136 4023 corpus
1152 3943 1280 4003 Domini
1298 3958 1326 4003 et
1342 3943 1501 4024 sepultura

194 4046 334 4112 negetur,
352 4031 485 4113 nequid
503 4033 540 4094 de
558 4034 650 4095 rebus
674 4034 705 4095 S.
724 4034 888 4115 Sepulchri
907 4032 1076 4115 patriarcha
1092 4053 1108 4093 a
1125 4032 1344 4093 concanonicis
1360 4030 1408 4093 vel
1425 4049 1500 4092 con-

195 4120 337 4182 fratribus
360 4140 414 4202 per
438 4123 647 4184 obedientiam
670 4123 829 4204 illegitime
853 4122 983 4203 exigere,
1008 4142 1085 4183 neve
1107 4121 1192 4183 ullus
1215 4121 1253 4182 de
1274 4120 1437 4183 novalibus
1453 4121 1501 4180 vel

193 4210 391 4271 nutrimentis
407 4211 589 4273 animalium
607 4211 637 4273 S.
655 4211 819 4292 Sepulchri
835 4212 970 4273 decimas
986 4231 1150 4292 exposcere
1167 4211 1285 4288 audeat,
1305 4230 1344 4270 ne
1361 4226 1430 4291 post
1447 4229 1500 4291 pa-

193 4299 340 4360 triarchae
357 4316 491 4362 mortem
507 4301 585 4363 alius
602 4318 797 4383 proponatur
812 4300 871 4362 nisi
888 4322 904 4362 a
921 4301 1008 4362 dictis
1024 4299 1181 4362 canonicis
1204 4299 1352 4360 canonice
1376 4300 1499 4376 electus,

194 4407 271 4449 neve
287 4388 358 4469 quis
375 4390 540 4470 praefatam
558 4392 718 4452 ecclesiam
734 4392 922 4472 perturbare,
932 4390 1182 4472 possessionibus
1198 4390 1330 4470 spoliare
1346 4388 1395 4450 vel
1410 4409 1500 4448 vexa-

192 4477 332 4539 tionibus
348 4478 472 4558 fatigare
489 4497 665 4561 praesumat
681 4480 832 4559 (Roziere,
849 4500 879 4562 p.
894 4482 1079 4557 278-282,
1096 4480 1157 4542 No.
1173 4480 1248 4559 156;
1272 4477 1501 4540 laihi-Louen-

193 4566 264 4646 feld,
281 4568 341 4629 No.
366 4570 492 4649 113853
518 4570 634 4631 Reuter
651 4570 699 4648 ΙΙΙ,
717 4590 745 4651 p.
765 4570 960 4650 562—563).
1008 4583 1029 4650 ¹)
1048 4579 1092 4635 Cf.
1106 4596 1193 4651 supra
1206 4580 1261 4634 No.
1277 4597 1335 4652 323.
1430 4564 1501 4626 444

275 4735 295 4767 ,,
342 4692 430 4752 Mart.
450 4691 603 4755 Gibelleti.
622 4727 666 4737 -
681 4694 779 4774 Hugo
794 4693 986 4772 Embriacus,
1003 4692 1151 4755 dominus
1167 4690 1501 4771 Gibelleti,lanuenses

192 4797 310 4840 merces
326 4780 510 4843 inducentes
526 4803 542 4842 a
559 4783 721 4863 quibusvis
737 4782 936 4862 vectigalibus
950 4782 1108 4843 immunes
1118 4799 1183 4843 esse
1194 4780 1295 4860 sigillo
1306 4782 1446 4843 declarat.
1456 4813 1502 4824 —

193 4868 408 4932 Landfrancus
419 4871 590 4951 Albericus,
608 4873 726 4952 legatus
742 4874 869 4952 ianuae,
887 4873 1026 4934 marchio
1042 4871 1173 4933 Enricus
1189 4870 1353 4951 Guercius,
1369 4872 1501 4933 lacobus

1287 4989 1320 5044 8.
