3398 5400
669 334 1022 414 regnillierosolymitani.
1434 360 1491 408 221

193 429 430 443 n———d——n—-ss

254 557 342 620 1207
360 562 443 641 Sept.
469 582 514 640 14·
540 562 740 623 Nordltusen.
758 596 801 605 —-
818 561 943 622 Nuntiis
965 556 1113 639 (Alberti),
1138 561 1323 641 patriarchae
1347 560 1496 622 Hieroso-

192 650 342 732 lymitani,
360 650 504 732 (Philippi
520 652 558 711 de
576 651 736 728 plaisseiz),
753 651 889 731 Templi,
906 667 935 711 et
952 642 1103 727 (Gaulridl
1123 650 1212 728 Rati),
1230 650 1408 731 Hospitalis,
1432 669 1497 710 ma·

191 739 359 818 gistrorum
384 739 416 800 in
440 739 524 801 curia
546 740 679 800 solemni
703 761 754 801 rex
781 739 942 821 Philippus
965 738 1149 801 Germaniae
1173 739 1314 820 quinque
1341 758 1496 800 annorum

192 829 344 890 tributum
367 828 482 889 scilicet
504 848 654 891 senorum
677 829 875 891 denariorum
901 830 938 889 de
962 845 1061 890 aratro
1085 845 1113 889 er
1133 829 1280 889 hinorum
1297 829 1334 889 de
1352 829 1448 890 domo
1466 829 1497 889 in

192 918 366 980 subsidium
393 918 507 979 Terrae
535 917 662 979 Sanctae
688 919 832 979 concedit
855 935 883 979 et
906 918 1067 979 confirmat
1091 919 1250 996 (Martene,
1272 918 1452 978 Thesaurus
1477 918 1497 988 l,

193 1027 222 1088 p.
235 1009 314 1087 805;
334 1008 479 1084 Miraeus,
491 1007 594 1088 Opera
605 1008 735 1087 diplom.
747 1008 792 1082 lll,
805 1029 834 1090 p.
848 1027 927 1085 2723
948 1008 1050 1086 Erarh,
1061 1008 1170 1070 Codex
1180 1007 1363 1084 Quedtinb,
1376 1027 1405 1088 p.
1421 1009 1496 1083 1263

193 1097 281 1158 Mon.
299 1096 417 1175 Germ,
435 1097 533 1176 Leges
550 1097 583 1174 ll,
601 1118 630 1179 p.
650 1117 729 1178 213;
747 1097 785 1158 cl.
803 1097 1074 1176 Bohmer-Ficker,
1092 1083 1151 1157 No.
1170 1098 1245 1173 1603
1263 1097 1498 1172 Winltelmann,

192 1184 315 1267 Philipp
331 1206 359 1246 v.
378 1186 561 1264 Schwaben,
579 1207 609 1268 p.
626 1187 712 1266 425).
1428 1183 1498 1245 822

280 1337 300 1368 „
347 1293 420 1354 Dec.
436 1314 462 1373 5.
480 1297 597 1354 Accon.
609 1327 652 1335 -
662 1292 927 1370 Cllarembaldus),
939 1292 1189 1373 archiepiscopus
1199 1292 1348 1373 Tyrensis
1362 1295 1382 1369 ¹)
1397 1292 1498 1373 sigillo

192 1381 365 1459 confirmat,
376 1383 550 1444 lohannem
568 1384 606 1442 de
623 1381 750 1458 lhelinO,
769 1381 909 1459 bajulum
919 1382 1006 1460 regni
1020 1373 1307 1463 Hierosolymitahi,
1319 1382 1498 1463 Philippum

192 1471 231 1531 de
257 1471 368 1533 lbilino
392 1472 514 1533 fratrem
538 1487 568 1532 et
591 1470 787 1532 Willelmum
818 1472 856 1531 de
884 1472 970 1532 Petra
995 1491 1067 1531 cum
1090 1470 1242 1533 Garnerio
1268 1471 1305 1531 de
1332 1470 1497 1548 Legniac0,

192 1560 365 1621 comitissae
389 1561 578 1642 Campaniae
604 1561 709 1639 milite,
736 1561 794 1621 tale
816 1577 939 1640 pactum
957 1560 1074 1639 fecisse,
1102 1577 1134 1621 ut
1157 1560 1392 1621 matrimonium
1420 1561 1499 1621 inter

193 1650 394 1728 Hugoneml,
406 1670 511 1729 regem
522 1650 617 1731 Cypri
629 1665 658 1710 et
669 1650 821 1728 Aelidem,
840 1648 988 1727 majorem
1005 1648 1100 1710 filiam
1116 1649 1251 1728 Henrici,
1269 1649 1389 1710 comitis
1405 1650 1497 1711 Cam-

192 1740 312 1820 paniae,
323 1738 408 1800 fieret
420 1755 459 1815 et,
471 1738 495 1800 si
506 1739 584 1800 dicta
596 1740 680 1800 Aelis
692 1755 873 1817 moreretur,
885 1738 1067 1820 priusquam
1078 1759 1146 1799 eam
1158 1759 1209 1799 rex
1220 1738 1251 1799 in
1264 1739 1497 1800 matrimonium

193 1828 328 1905 duceret,
354 1828 436 1889 idem
460 1829 577 1889 Aelidis
600 1849 740 1890 sororem
764 1828 919 1888 minorem
939 1828 1113 1909 Pltilippam
1131 1828 1188 1888 sibi
1206 1828 1372 1909 copularet.
1390 1863 1433 1872 -
1449 1829 1497 1904 C.‚

193 1918 443 1998 archiepiscopus
459 1918 617 1999 Tyrensis,
630 1918 720 1979 frater
731 1918 769 1980 G.
781 1917 986 1994 Turonensis,
1004 1917 1129 1998 Templi
1146 1918 1365 1995 thesaurarius,
1382 1917 1498 1978 Johan-

194 2027 258 2082 nes,
276 2006 404 2067 clericus
421 2005 570 2085 ejusdem,
589 2007 627 2069 G.
639 2009 677 2068 de
688 2006 843 2087 Legniaco
861 2007 1021 2082 (Marte‘ne,
1038 2007 1219 2068 Thesaurus
1231 2007 1251 2085 l,
1263 2027 1293 2087 p.
1307 2008 1497 2079 806—807;

193 2097 350 2171 Dumont,
374 2097 474 2177 Corps
498 2096 626 2177 diplom.
652 2097 711 2173 ln,
736 2117 765 2177 p.
787 2098 865 2176 383;
898 2096 1043 2156 d'Arbois
1067 2097 1105 2157 de
1128 2095 1312 2158 Jubainville
1329 2096 1366 2174 V,
1391 2115 1420 2176 p.
1444 2116 1498 2175 47,

194 2186 252 2246 No.
272 2187 352 2261 6723
377 2185 414 2246 cf.
433 2186 481 2262 lV,
505 2206 534 2267 p.
559 2188 762 2262 107—108).
779 2181 788 2268 ll
806 2187 874 2246 Hoc
892 2186 1126 2246 matrimonium
1151 2205 1216 2246 non
1240 2201 1431 2246 contractum
1455 2200 1499 2245 est

193 2273 249 2350 (De
268 2276 334 2335 Mas
351 2274 450 2335 Latrie
468 2275 487 2353 l,
504 2295 534 2356 p.
559 2295 628 2356 143,
652 2277 838 2350 176—1773
858 2275 888 2353 ll,
907 2296 935 2356 p.
960 2277 1016 2350 ta).
1429 2271 1498 2332 823

268 2376 285 2443 ¹)
307 2376 381 2445 «Qui
395 2388 533 2448 tanquam
548 2395 615 2448 pere
638 2377 715 2431 rinus
729 2378 757 2432 in
771 2378 891 2432 Terram
909 2377 1047 2433 Sanctam
1061 2376 1208 2448 profectus
1222 2376 1329 2431 fuerat»
1345 2377 1499 2445 (Potthast,

193 2448 246 2503 No.
267 2447 455 2520 1983—19863
475 2448 511 2502 cf.
526 2449 580 2503 No.
596 2396 674 2518 alitia,
687 2449 767 2521 4858,
779 2453 871 2521 4954).

282 2588 300 2619 „
348 2543 422 2604 Dec.
447 2545 493 2604 18.
519 2550 635 2605 Accon.
652 2577 696 2586 —
714 2543 867 2622 Albertus,
885 2543 1053 2624 patriarcha
1065 2542 1380 2624 Hierosolymitanus,
1397 2542 1498 2623 sigillo

193 2631 364 2709 confirmat,
377 2652 480 2693 coram
493 2632 560 2714 ipso
569 2632 697 2714 Aalyda,
709 2632 802 2693 filiam
813 2632 946 2712 Turgini
958 2647 987 2692 et
997 2633 1164 2715 Hospitalis
1175 2650 1386 2711 consororem,
1397 2633 1497 2694 eidem

193 2721 301 2783 domui
319 2722 440 2783 dedisse
457 2722 496 2782 lV
514 2737 682 2783 carrucatas
706 2739 802 2783 terrae
826 2741 897 2782 cum
921 2721 1078 2800 domibus,
1095 2742 1173 2801 quas
1192 2721 1224 2782 in
1242 2721 1331 2782 casali
1348 2722 1499 2783 Geschale

192 2810 263 2871 sitas
273 2811 435 2890 Turginus
453 2813 485 2871 M
502 2811 639 2872 bisantiis
656 2827 771 2872 emerat
787 2832 803 2872 a
820 2831 891 2891 rege
902 2811 1050 2873 Guidone
1067 2828 1141 2871 tunc
1158 2811 1269 2872 comite
1285 2811 1443 2892 Joppensi,
1461 2812 1499 2872 de

194 2918 327 2981 quarum
338 2900 496 2982 emptione
508 2900 615 2962 Guido
632 2917 661 2961 et
676 2920 756 2961 uxor
766 2900 870 2961 Sibilla
882 2900 905 2961 ll
922 2900 1057 2961 fecerunt
1068 2900 1227 2981 privilegia
1238 2919 1323 2962 nunc
1333 2902 1371 2961 ab
1383 2900 1499 2982 halyde

193 2988 380 3066 isembardo,
398 3009 514 3070 magno
532 2990 731 3071 praeceptori,
742 3006 770 3050 er
783 2990 863 3050 fratri
875 2990 1031 3050 Richardo
1042 2989 1232 3050 thesaurario
1243 2990 1358 3050 tradita.
1378 2990 1499 3051 Deinde

194 3077 277 3139 halis
301 3079 397 3139 donat
421 3081 448 3141 C
471 3080 618 3140 bisantios
641 3080 679 3140 ad
703 3095 835 3141 mortem
860 3079 956 3161 ipsius
980 3078 1177 3159 accipiendos
1200 3099 1294 3159 super
1309 3079 1335 3139 L
1351 3079 1498 3155 bisantiis,

193 3186 274 3248 quos
298 3168 447 3229 annuales
471 3169 562 3229 habet
585 3170 622 3229 de
646 3169 835 3248 quibusdam
859 3170 1006 3229 domibus
1030 3168 1061 3228 in
1082 3169 1151 3229 vico
1168 3184 1291 3229 catenae
1309 3169 1500 3230 Acconensis

194 3272 264 3317 ante
282 3257 413 3318 domum
431 3258 581 3319 Johannis
606 3258 686 3319 Daht
709 3258 783 3335 sitis,
802 3278 879 3339 quas
894 3259 1035 3319 Thomas
1058 3257 1188 3319 Pisanus
1213 3277 1298 3318 nunc
1322 3274 1405 3318 tenet
1428 3278 1499 3318 cen-

193 3347 310 3421 suales,
328 3347 385 3408 hae
403 3366 474 3408 vero
491 3349 605 3408 domus
622 3349 787 3408 cohaerent
803 3350 840 3407 ab
851 3346 968 3408 oriente
985 3347 1048 3408 viae
1060 3347 1378 3428 publicae,ameridie
1389 3347 1499 3408 domui

193 3434 272 3497 liliae
288 3436 439 3497 Johannis
456 3437 548 3510 Daht,
572 3458 588 3497 a
605 3437 814 3518 septentrione
832 3438 941 3498 domui
957 3437 1107 3499 Tortosae
1126 3454 1154 3498 et
1171 3439 1208 3498 ab
1225 3438 1386 3498 occidente
1403 3437 1500 3518 respi-

193 3524 279 3587 ciunt
288 3527 325 3586 ad
338 3545 432 3604 mate,
450 3527 537 3606 quod
554 3527 666 3588 dicitur
682 3527 861 3588 Lordemer.
873 3561 916 3570 —
928 3527 1044 3604 Petrus,
1062 3526 1313 3608 archiepiscopus
1324 3527 1499 3603 Caesareae,

194 3615 1500 3694 magisterGuidO,ejusdemarchidiaconus,Gervasius,archidiaconusAcconensis,

193 3704 375 3783 Balduinus,
401 3705 504 3784 regius
521 3706 669 3784 notarius,
695 3706 839 3784 magister
860 3706 1049 3767 Guillelmus
1072 3707 1223 3786 medicus,
1247 3706 1391 3784 magister
1408 3706 1499 3766 Lam-

194 3795 315 3868 bertus;
333 3795 371 3855 de
390 3794 547 3855 fratribus:
570 3795 726 3874 Seguinus
744 3795 837 3876 prior,
855 3794 963 3872 Falco,
981 3797 1129 3858 Bremont
1146 3794 1370 3876 hospitalarius,
1389 3794 1498 3855 Simon

193 3883 231 3944 de
248 3883 416 3962 Calenson,
428 3884 646 3958 Constantius;
665 3884 827 3965 Philippus
846 3884 993 3962 Moresin,
1004 3887 1144 3946 Andreas
1154 3886 1192 3946 de
1206 3885 1312 3958 Viana,
1325 3884 1500 3944 Bernardus

193 3972 231 4033 de
248 3973 388 4034 Cathena
406 3974 502 4048 (Paoli
518 3974 538 4051 l,
557 3994 587 4055 p.
607 3973 870 4052 218—219‚N0.
895 3976 971 4048 1763
997 3974 1034 4035 cl.
1053 3994 1082 4056 p.
1105 3972 1297 4054 540-54tl.
1429 3970 1500 4031 824

237 4079 248 4158 (
288 4124 307 4157 „
346 4078 381 4158 l).
407 4115 451 4123 —
476 4082 685 4163 Praeceptum,
712 4082 799 4162 quod
822 4083 988 4144 Hubaldus
1014 4081 1264 4162 archiepiscopus
1290 4097 1319 4142 et
1341 4081 1500 4143 Gerardus

193 4168 447 4249 Curtelvechiae),
472 4187 604 4250 potestas
629 4171 822 4248 Pisanorum,
848 4173 1012 4232 Marzucco
1036 4172 1074 4232 de
1097 4171 1238 4252 Tepertis
1262 4171 1425 4248 dederunt,
1443 4171 1497 4250 qui

193 4277 265 4320 cum
282 4258 413 4319 soldano
425 4260 557 4341 Aegypti
570 4260 680 4322 foedus
691 4260 868 4322 commercii
881 4261 971 4322 iniret
982 4261 1108 4338 (Amari,
1126 4261 1135 4320 l
1147 4260 1277 4341 diplomi
1289 4259 1381 4338 arabi,
1393 4279 1422 4341 p.
1437 4262 1499 4320 280

193 4349 312 4427 —28t,
331 4349 390 4410 N0.
412 4365 467 4421 20;
493 4349 531 4410 cf.
549 4369 579 4430 p.
596 4351 678 4429 465;
704 4349 837 4411 Fanucci
855 4351 887 4430 ll,
906 4371 935 4432 p.
955 4351 1105 4430 88—89).
1429 4346 1499 4408 825

282 4499 300 4531 ,,
351 4453 487 4514 -1208
508 4455 636 4533 (italice).
662 4489 705 4499 —-
731 4457 776 4516 Re
800 4457 982 4538 Aparisente
1006 4457 1118 4534 Gasi,¹)
1141 4458 1290 4518 soldanus
1314 4455 1499 4538 Alappinus,

193 4544 319 4606 Venetis
342 4564 397 4625 per
420 4565 548 4607 manum
574 4547 605 4607 P.
625 4545 845 4624 Marignunifi),
868 4544 922 4606 filii
947 4548 1168 4627 Marignunili),
1192 4548 1223 4608 in
1247 4564 1324 4609 terra
1347 4567 1403 4608 sua
1418 4546 1499 4607 varia

193 4633 351 4714 privilegia
368 4633 509 4695 concedit
525 4650 553 4696 et
570 4634 732 4696 confirmat
743 4635 765 4711 2)
792 4634 1048 4711 (Tafel-Thomas
1065 4636 1098 4713 ll,
1116 4656 1145 4717 p.
1164 4638 1203 4716 63
1214 4639 1318 4716 -66,
1340 4637 1399 4697 N0.
1423 4637 1497 4715 185;

268 4755 287 4819 ¹)
307 4750 392 4807 malit
407 4751 542 4807 az-Ztiltir
555 4753 659 4808 Gaiam
673 4753 778 4809 nil-din
792 4754 891 4823 Ghrizi,
910 4753 981 4810 lilius
995 4753 1129 4811 Saladini.
1275 4760 1297 4821 ²)
1317 4756 1392 4809 lnter
1405 4767 1499 4809 cetera

192 4822 314 4893 vectigal
328 4840 419 4895 prope
435 4837 582 4880 «montem
596 4825 723 4880 Cell'am»
738 4825 948 4895 (Keschlahfin)
961 4827 1133 4882 solvendum
1147 4827 1261 4883 relaxat.
1280 4828 1362 4898 Heyd
1377 4828 1396 4895 l,
1409 4844 1435 4896 p.
1449 4844 1497 4897 375

192 4906 269 4950 recte
288 4893 385 4967 legere
408 4895 530 4951 mavult:
553 4909 716 4968 «pontem».
743 4899 838 4969 Prope
859 4916 939 4953 arces
961 4898 1035 4953 enim
1055 4899 1146 4954 Baetis
1160 4911 1187 4953 et
1201 4897 1411 4969 esch--schughr
1424 4913 1498 4969 pons
