3398 5400
196 374 258 436 372
760 349 937 421 Regesta

195 573 304 635 Petrus
319 584 350 631 et
365 567 554 629 Theodinus
570 567 745 645 Romicelli,
769 567 909 644 ejusdem
929 569 1081 630 Johannis
1105 585 1243 650 nepotes,
1267 571 1305 632 de
1329 572 1461 633 ecclesia
1478 572 1511 633 S.

195 662 310 724 Mariae
321 660 360 720 de
370 658 464 719 Turri
475 657 687 737 Tripolitanae
698 658 829 718 diocesis
839 656 991 718 violenter
1000 659 1134 735 extracti,
1145 660 1322 742 interempti
1338 678 1368 720 et
1381 663 1511 722 cremati

194 766 278 828 sunt,
293 750 408 810 deinde
425 746 537 807 milites
548 747 733 827 Tripolitani
751 765 824 808 cum
841 763 903 808 tota
920 748 982 808 fere
993 748 1106 809 familia
1118 749 1190 808 dicti
1200 750 1339 830 episcopi
1351 750 1510 827 Plaulum)

194 841 228 902 in
250 838 377 901 ecclesia
399 836 593 917 Tripolitana
616 838 815 909 obsedemnt,
839 853 905 897 tum
929 837 984 897 Xll
1008 837 1119 897 milites
1134 838 1333 918 Tripolitani,
1358 857 1393 900 ut
1416 858 1511 921 prae-

194 930 313 991 dictum
324 926 477 1003 Plaulum)
488 943 517 987 et
528 927 691 1006 quondam
702 926 827 987 Petrum
844 940 991 1008 nepotem
1010 928 1117 1007 ipsius,
1134 929 1278 989 ecclesiae
1288 928 1507 1010 Tripolitanae

194 1017 432 1095 thesaurarium,
443 1016 598 1076 viventem
610 1015 827 1093 interficerent,
840 1017 1050 1097 promiserunt
1062 1033 1091 1077 et
1101 1017 1230 1096 quidam
1247 1019 1390 1079 canonici
1408 1020 1509 1101 preci-

194 1112 253 1171 bus
275 1107 400 1170 adducti
423 1105 658 1182 confirmarunt,
682 1125 714 1165 se
738 1104 855 1182 Plaulo)
879 1122 1005 1166 mortuo
1028 1105 1132 1186 ipsum
1157 1107 1343 1189 episcopum
1369 1108 1509 1171 facturos

194 1220 270 1277 esse,
281 1218 347 1280 quo
358 1197 437 1257 fatto
449 1196 522 1257 dicti
534 1195 646 1256 milites
662 1195 817 1276 lapidibus
833 1196 871 1256 ad
888 1212 1010 1277 portam
1026 1194 1172 1274 conjectis
1188 1197 1334 1257 clericum
1345 1199 1508 1278 quendam

193 1310 210 1350 e
228 1289 360 1350 fenestra
376 1285 627 1368 prospicientem,
645 1303 739 1364 quem
757 1301 861 1345 tamen
878 1284 1063 1365 episcopum
1079 1285 1266 1364 habuerunt,
1282 1287 1409 1366 sagittis,
1425 1307 1507 1369 quae

194 1380 296 1440 adhuc
321 1377 407 1438 ostiis
433 1375 584 1436 fenestrae
616 1374 727 1434 infixae
752 1390 896 1450 manent,
929 1376 1104 1435 interimere
1130 1376 1306 1438 voluemnt.
1346 1377 1508 1439 Praeterea

195 1468 307 1530 milites
318 1465 513 1540 landonem,
531 1464 719 1525 canonicum
730 1464 961 1544 Tripolitanum
979 1480 1009 1525 et
1025 1465 1220 1546 capellanum
1237 1486 1343 1547 papae,
1359 1467 1399 1528 de
1416 1487 1507 1528 man·

195 1559 267 1620 dato
278 1556 414 1637 episcopi
426 1557 460 1616 B.
472 1555 721 1631 vulneraverunt,
733 1553 829 1614 alium
841 1553 1021 1614 familiarem
1032 1554 1140 1631 Plauli)
1151 1556 1333 1617 occiderunt
1348 1574 1387 1633 et,
1404 1576 1505 1637 quum

194 1667 251 1729 pro
260 1663 343 1728 parte
352 1645 459 1720 Plauli)
469 1643 895 1724 BoamundusVll,princeps
906 1644 1122 1705 Antiocheuus
1131 1660 1160 1704 et
1171 1645 1506 1726 comesTripolitanus,

194 1737 361 1817 requisitus
386 1733 500 1812 fuisset,
525 1749 558 1795 ut
581 1732 727 1811 justitiam
751 1733 822 1793 inde
841 1733 949 1794 faceret
966 1734 1113 1812 exhiberi,
1130 1735 1231 1795 dictus
1246 1735 1281 1796 B.
1299 1735 1506 1814 confirmavit,

194 1826 360 1903 Plaulum'J,
373 1823 431 1884 nisi
443 1824 481 1884 de
498 1823 616 1884 civitate
634 1822 800 1898 recesserit,
813 1822 970 1883 familiaris
985 1823 1033 1884 sui
1051 1840 1184 1884 mortem
1196 1824 1417 1886 occubiturum
1428 1845 1505 1886 asse.

194 1916 305 1992 Quum
323 1915 416 1993 igitur
433 1914 566 1989 Plaulus)
584 1912 615 1973 in
634 1913 766 1973 domum
776 1912 901 1992 Templi
912 1912 1137 1993 Tripolitanam
1151 1913 1287 1991 fugisset,
1298 1914 1507 1977 Boamundus

194 2005 327 2068 consilio
343 2003 481 2085 episcopi
499 2004 533 2063 Β.
552 2003 655 2084 ipsum
671 2002 792 2062 obsedit
808 2002 1042 2077 comminando,
1059 2023 1103 2079 se,
1127 2003 1185 2063 nisi
1207 2004 1374 2085 episcopus
1391 2004 1506 2065 dictam

196 2096 328 2157 domum
352 2093 519 2173 reliquerit,
543 2092 646 2174 ipsum
664 2110 736 2153 cum
754 2107 815 2152 tota
833 2090 947 2152 familia
963 2093 1141 2153 occisurum
1157 2112 1233 2169 esse,
1252 2109 1291 2172 et,
1309 2112 1506 2174 quamquam

194 2185 278 2246 idem
295 2183 439 2266 princeps
455 2200 510 2263 per
526 2181 574 2261 tt,
590 2180 852 2243 constabularium
870 2181 955 2260 regni
973 2180 1259 2263 Hierosolymam,
1277 2198 1306 2243 et
1322 2183 1505 2264 Hospitalis,

194 2273 319 2355 Templi
343 2293 377 2334 ac
397 2270 670 2332 Theutonicorum
694 2270 866 2349 magistros,
890 2290 922 2330 se
945 2271 1078 2331 eandem
1101 2272 1232 2332 domum
1258 2272 1356 2333 dictae
1379 2274 1506 2335 militiae

195 2363 331 2445 Templi,
355 2361 421 2440 jura
444 2380 479 2422 ac
501 2361 654 2421 libertates
677 2376 746 2440 post
769 2378 924 2421 recessum
947 2361 1083 2441 episcopi
1100 2360 1286 2442 Tripolitani
1302 2363 1462 2424 custodire
1478 2379 1506 2423 et

194 2453 298 2536 ipsum
309 2471 416 2512 secure
427 2450 579 2511 dimittere
587 2450 673 2527 velle,
682 2449 836 2530 pollicitus
848 2448 964 2522 fuisset,
976 2465 1198 2530 tamen,quum
1210 2452 1247 2510 ad
1258 2451 1365 2512 locum
1376 2451 1506 2513 fratrum

195 2544 358 2604 Minorum
375 2540 645 2621 Tripolitanorum
662 2539 795 2616 abiisset,
819 2538 920 2600 dictus
943 2541 977 2599 B.
995 2540 1161 2620 episcopus
1184 2540 1317 2623 principi
1340 2542 1505 2621 suggessit,

196 2631 336 2694 utillum
360 2643 480 2710 caperet
503 2629 614 2690 carceri
638 2628 887 2703 immittendum3
915 2629 1031 2709 quade
1048 2649 1138 2690 causa
1155 2629 1290 2706 Plaulus)
1308 2632 1385 2692 urbe
1402 2631 1504 2692 exivit.

195 2722 292 2784 Paulo
319 2736 388 2802 post
412 2719 554 2801 princeps
578 2719 711 2780 domum
733 2717 859 2798 Templi
883 2719 1046 2798 occupavit
1068 2734 1097 2779 et
1120 2719 1253 2780 munivit
1278 2719 1454 2780 christianis
1477 2734 1506 2781 et

194 2811 379 2885 Sarracenis,
412 2828 467 2890 per
491 2827 572 2889 qnos
598 2808 783 2869 Sarracenos
808 2826 900 2888 supra
926 2806 1087 2868 ecclesiam
1112 2807 1210 2888 ipsius
1236 2808 1352 2870 domus
1377 2810 1505 2871 militiae

193 2900 318 2981 Templi
329 2899 377 2961 lex
389 2897 577 2960 Machometi
594 2897 632 2958 ΙΙΙ
644 2896 781 2958 millibus
797 2897 1037 2958 christianorum
1055 2898 1267 2977 praesentibus
1278 2898 1390 2960 exstitit
1400 2899 1505 2980 publi-

193 3006 265 3052 cata.
289 2989 434 3068 Denique
452 2988 618 3069 episcopus
639 2988 672 3048 Β.
690 2985 788 3048 casale
811 2986 905 3047 situm
928 2984 1011 3065 juxta
1036 2988 1179 3047 Moutem
1202 2987 1315 3050 Gibelli
1337 2990 1376 3049 ad
1400 2989 1505 3070 ipsum

193 3079 377 3160 episcopum
402 3076 635 3159 Tripolitanum
661 3076 817 3158 pertinens
843 3095 898 3157 per
923 3077 1092 3136 exercitum
1118 3076 1190 3136 dicti
1217 3076 1365 3159 principis
1387 3078 1505 3139 destrui

193 3168 264 3230 fecit
273 3184 312 3246 et,
325 3186 424 3249 quum
437 3167 566 3227 nuntius
577 3166 723 3227 Franciae
739 3181 769 3226 et
784 3163 905 3226 Siciliae
922 3185 1031 3244 regum
1049 3167 1153 3246 ipsum
1170 3166 1344 3248 principem
1361 3168 1399 3229 de
1417 3187 1505 3249 prae-

192 3258 294 3320 missis
314 3257 466 3318 caritative
489 3270 642 3335 argueret,
667 3255 749 3316 idem
773 3254 939 3336 episcopus
962 3255 996 3315 B.
1015 3255 1184 3335 respondit,
1202 3256 1319 3334 omnia,
1335 3275 1418 3336 quae
1435 3272 1506 3338 post

193 3347 315 3409 obitum
331 3346 493 3426 quondam
510 3346 555 3423 B,
573 3344 721 3426 principis
737 3343 936 3421 Antiocheni,
956 3344 1031 3404 facta
1047 3345 1117 3423 sint,
1136 3346 1174 3406 de
1191 3365 1250 3406 suo
1274 3345 1406 3408 consilio
1430 3365 1504 3428 pro·

192 3437 329 3498 cessisse.
364 3434 474 3511 Quum
491 3433 585 3513 igitur
602 3434 701 3495 dictus
718 3434 884 3514 episcopus
900 3434 1121 3494 Anteradensis
1138 3435 1213 3494 haec
1230 3433 1367 3496 facinora
1383 3436 1504 3515 aliaque

194 3526 282 3608 plura
298 3540 404 3586 contra
420 3523 604 3606 episcopum
620 3523 773 3600 P(aulum)
791 3538 820 3584 et
837 3524 998 3583 Romanos
1020 3522 1192 3585 nonnullos
1216 3523 1338 3604 Tripoli
1361 3543 1504 3585 commo·

192 3630 295 3677 rantes
306 3614 417 3691 fecerit,
430 3633 509 3695 papa
518 3613 700 3694 supradictis
711 3612 864 3693 episcopis
875 3613 1008 3689 mandat,
1020 3629 1053 3673 ut
1064 3613 1248 3694 episcopum
1256 3614 1504 3675 Anteradensent

193 3705 272 3767 infra
283 3704 349 3766 Vlll
366 3723 489 3764 menses
506 3702 589 3783 apud
601 3703 714 3764 Sedem
724 3702 936 3782 Apostolicam
948 3721 1176 3783 responsurum
1187 3702 1282 3763 citent
1293 3703 1447 3779 (Sbaralea
1457 3703 1503 3781 ΙΙΙ,

194 3814 223 3877 p.
244 3795 430 3876 326—328,
447 3793 507 3853 No.
525 3811 585 3872 453
610 3792 756 3870 Porthast,
773 3792 833 3852 N0.
854 3792 986 3872 21364).
1413 3790 1505 3852 1424

242 3899 333 3961 1278
349 3901 433 3982 Sept.
450 3902 496 3962 18.
514 3899 635 3981 Tripoli
653 3899 789 3979 (gallice).
807 3933 850 3942 —
867 3899 1032 3960 Boemnnd
1044 3899 1108 3974 Vll,
1127 3900 1270 3980 princeps
1285 3900 1504 3963 Antiochenus

193 4007 222 4054 et
244 4011 349 4053 comes
372 3989 597 4072 Tripolitanus,
621 4010 653 4050 se
677 4007 705 4051 et
730 3990 860 4051 Paulum
879 3989 964 4067 (Pol),
990 3989 1173 4070 episcopum
1196 3989 1441 4071 Tripolitanum,
1465 3991 1503 4052 ad

192 4081 276 4143 litem
302 4081 460 4162 quandam
484 4080 714 4160 disceptandam
739 4079 910 4159 Rogerium
935 4080 1069 4157 (Rogier)
1086 4080 1124 4138 de
1149 4078 1179 4139 S.
1197 4078 1335 4156 Severin,
1356 4082 1503 4142 comitem

193 4172 231 4232 de
250 4171 417 4251 Marsique,
443 4169 593 4231 vicarium
618 4169 704 4247 regni
729 4167 1016 4250 Hierosolymitani,
1045 4183 1075 4228 et
1100 4167 1266 4229 Nicolaum
1292 4167 1439 4245 (Nicoles)
1465 4172 1503 4230 de

195 4261 328 4340 Lorgne,
346 4260 528 4339 magistrum
545 4257 724 4340 Hospitalis,
734 4259 752 4335 ¹)
770 4259 898 4319 arbitros
915 4258 1120 4332 constituisse,
1144 4255 1247 4336 sigillo
1268 4258 1443 4321 confirmat.
1460 4292 1504 4303 -

192 4350 303 4426 lohan,
322 4349 525 4410 marescalcus
540 4348 765 4429 Tripolitanus,
788 4348 889 4408 Johan
906 4347 1099 4426 d'Angevile,
1116 4347 1216 4407 Johan
1234 4348 1272 4408 de
1289 4349 1410 4425 Hasart,
1432 4349 1504 4410 Rai-

194 4441 294 4502 mund
310 4439 459 4519 Faucard,
484 4438 592 4499 Nicole
610 4442 696 4515 Arra,
721 4437 836 4519 Balyart
854 4438 891 4496 de
910 4436 1086 4515 Marreclee,
1111 4437 1212 4497 Pierre
1237 4437 1329 4518 Dyes,
1355 4439 1505 4522 principis

196 4536 406 4546 ——-..

269 4561 288 4629 ¹)
309 4558 365 4628 Qut
378 4557 450 4613 obnt
468 4558 595 4612 taMart.
613 4556 679 4626 1284
696 4557 821 4626 (GesteS,
835 4573 861 4627 p.
877 4555 937 4626 208,
951 4558 1030 4627 217);
1044 4567 1150 4610 statuta
1164 4557 1199 4610 ab
1215 4557 1320 4611 eodem
1334 4556 1411 4612 edna
1426 4557 1484 4613 cf
1476 4575 1505 4613 m

192 4633 290 4701 Prutz,
303 4629 512 4701 Culturgesch
525 4630 658 4701 p.-615
627 4629 736 4696 -6163
756 4627 891 4683 Delavtlle
905 4628 930 4682 le
944 4627 1046 4694 Roult,
1063 4629 1106 4681 De
1121 4645 1283 4699 origine,p
1299 4648 1333 4709 39
1346 4641 1375 4683 et
1387 4647 1417 4684 tn
1430 4629 1503 4685 Bibl

193 4706 229 4760 de
243 4704 260 4758 l'
263 4699 344 4759 ecole
359 4701 385 4756 d.
400 4701 513 4756 chartes
531 4700 605 4769 188,
662 4717 721 4772 349.
752 4701 797 4754 De
811 4699 903 4770 sigillo
918 4698 1066 4753 Nicolai
1042 4715 1160 4771 eusque
1174 4716 1348 4755 successoris
1363 4701 1504 4756 lobannis

193 4777 229 4832 de
242 4772 363 4831 Villntns
378 4772 413 4828 cf
427 4718 605 4827 Delatillefe’
615 4717 727 4827 loun
720 4788 749 4826 tn
762 4769 849 4826 Mem
864 4772 890 4826 d.
904 4770 991 4825 anti.
1006 4771 1042 4825 de
1055 4719 1163 4825 lrauce
1181 4771 1256 4841 1880,
1276 4771 1349 4842 XLI,
1390 4791 1454 4847 .70.
1473 4773 1506 4829 ln

194 4845 332 4902 Chronol
347 4843 552 4926 magistrorum
565 4842 755 4911 (Archivesd.
771 4841 847 4897 miss.
862 4789 991 4898 scientif
1000 4841 1045 4913 185
1032 4860 1075 4915 57,
1089 4843 1135 4913 Vl,
1155 4860 1182 4914 p.
1198 4841 1244 4910 28)
1262 4841 1337 4898 inter
1341 4789 1397 4899 ΙΙΙ)
1377 4861 1402 4900 1

192 4931 221 4976 et
233 4917 398 4976 Jobaunem
409 4914 547 4988 magister
559 4914 645 4972 Odde
659 4915 695 4972 de
708 4913 827 4971 Pinibus
840 4925 1029 4970 memoratur.

1405 4845 1505 4901 olaum
