3398 5400
667 347 747 419 regni
759 347 1021 421 Hierosolymitani.
1439 378 1448 416 ι
1462 377 1497 436 19

193 567 405 643 marescalcus,
422 567 529 630 Guido
547 569 585 629 de
603 568 759 645 Maneriis,
776 574 849 631 Atto
860 570 899 631 de
911 568 1018 646 Marla,
1036 568 1218 645 BalduInus,
1235 569 1407 631 vicecomes
1417 571 1498 632 Nea-

193 655 282 737 polis,
300 656 472 719 Gocelinus
488 658 526 719 de
545 659 670 734 Betlem,
681 658 801 735 Simon,
812 659 902 720 frater
917 657 994 738 ejus,
1013 660 1169 720 Manasses
1185 661 1223 721 de
1240 660 1398 733 Caesarea,
1416 661 1498 722 Pou-

192 745 253 806 tius
270 746 442 826 Martanus,
468 748 578 809 Mauso
595 747 738 826 Curialis,
763 749 863 811 Ursus
879 749 977 825 Palaz,
1004 749 1141 809 Mannus
1158 749 1196 810 de
1213 749 1241 809 la
1257 749 1362 828 Gravi,
1388 751 1499 811 Mauso

192 833 347 896 Sesinalis.
372 835 486 897 Datum
505 856 560 917 per
576 856 705 899 manum
723 836 858 917 Radulfi,
875 838 955 917 regis
971 838 1142 899 cancellarii
1160 838 1300 915 (Camers
1317 838 1339 916 I,
1350 858 1380 920 p.
1392 859 1499 920 203-

194 943 273 1004 2043
298 924 424 1003 Ughelli
441 926 504 1002 VII,
529 947 559 1007 p.
579 946 768 1007 204—2053
794 927 892 988 Pansa
908 927 929 1004 l,
954 947 984 1008 p.
1003 931 1065 1005 97).
1082 921 1092 1011 ll
1114 928 1184 989 Hoc
1207 928 1403 1009 privilegium
1427 930 1499 990 Ale-

192 1013 309 1074 xander
325 1014 365 1075 IV
384 1015 424 1076 26
442 1015 540 1096 April.
564 1017 645 1095 1256
662 1015 824 1077 confirmat
841 1016 981 1093 (Camers
998 1016 1032 1094 ll,
1049 1037 1079 1098 p.
1096 1016 1200 1094 XLIII,
1217 1018 1278 1078 Νο.
1298 1017 1358 1096 29).
1429 1016 1498 1077 453

242 1138 332 1199 1168
349 1141 429 1203 Νον.
439 1163 447 1201 ι
457 1143 486 1219 8,
499 1142 564 1203 iud.
576 1141 588 1202 I
596 1141 650 1219 (II).
663 1142 762 1204 Craci.
772 1177 814 1186 —
823 1142 1145 1217 Galterius,dominus
1154 1142 1270 1204 Montis
1278 1142 1411 1223 Regalis,
1423 1162 1499 1203 con-

192 1248 286 1291 sensu
303 1230 461 1291 Gnidonis
486 1230 584 1292 fratris
607 1246 638 1292 et
659 1232 802 1293 Beatricis
826 1230 905 1292 filiae
928 1251 1001 1292 suae
1026 1251 1083 1313 pro
1106 1232 1210 1293 anima
1233 1232 1370 1293 Helenae
1395 1232 1498 1294 uxoris

193 1318 334 1380 fratribus
352 1320 383 1381 S.
401 1321 506 1381 Lazari
524 1321 562 1381 de
578 1321 744 1382 Jerusalem
763 1321 818 1382 XL
834 1321 981 1382 bisantios
1005 1322 1043 1383 de
1060 1340 1119 1382 suo
1136 1322 1318 1384 concambio
1335 1322 1499 1382 Berritensi

192 1409 354 1469 aunuatim
376 1409 573 1490 recipiendos
595 1411 691 1471 donat
714 1425 742 1471 et
766 1409 867 1490 sigillo
892 1409 1063 1472 confirmat.
1086 1445 1131 1454 -
1154 1410 1334 1488 Guerricus,
1354 1411 1498 1472 ecclesiae

192 1497 382 1559 Petracensis
399 1499 517 1579 primus
534 1499 785 1580 archiepiscopus
802 1500 952 1578 latInus,¹)
963 1499 1132 1560 Seherinus
1143 1501 1181 1561 de
1194 1501 1392 1579 Mamedone,
1404 1500 1499 1561 Sehe-

192 1586 280 1648 rinus
296 1588 333 1648 de
346 1588 460 1667 Waise,
477 1588 635 1668 Signinus,
646 1589 796 1650 Girardus
813 1590 851 1651 de
868 1590 999 1663 Beteras,
1011 1589 1170 1651 Guarinus
1184 1590 1223 1650 de
1240 1590 1383 1668 Hobelet,
1395 1589 1499 1652 Girar-

192 1676 252 1737 dus
277 1677 315 1737 de
341 1677 480 1758 SpinetO,
507 1677 694 1758 Inguanius,
721 1679 829 1740 Petrus
855 1679 893 1739 de
919 1678 1047 1755 Hasard,
1077 1677 1264 1740 Osmundus
1290 1680 1328 1740 de
1354 1680 1499 1753 Belnaco,

193 1766 337 1844 magister
364 1767 526 1846 Martinus,
553 1767 697 1846 magister
721 1767 929 1845 Raimundus,
952 1767 1098 1829 Herricus
1122 1768 1160 1829 de
1184 1769 1314 1845 Leodio,
1341 1769 1498 1845 Herricus,

192 1853 259 1932 ejus
275 1854 367 1917 filius.
393 1856 507 1917 Datum
526 1875 580 1938 per
596 1875 726 1918 manum
743 1856 911 1935 Laurentii,
928 1856 1043 1918 Galteri
1060 1856 1219 1938 capellani,
1230 1857 1387 1919 Amalrico
1403 1857 1414 1918 l
1432 1877 1499 1937 reg-

193 1959 285 2004 nante
302 1944 461 2021 (Archives
478 1946 516 2007 de
532 1944 665 2007 I’Orient
680 1945 755 2007 latin
773 1946 797 2006 II
806 1947 840 2026 B,
858 1966 887 2028 p.
905 1966 975 2026 142,
993 1946 1054 2008 Νο.
1073 1966 1131 2023 24;
1152 1946 1189 2007 cf.
1208 1947 1358 2025 Cibrario,
1375 1966 1404 2028 p.
1419 1949 1498 2026 2363

192 2032 339 2112 Ferrand‚
357 2054 387 2115 p.
407 2036 468 2114 31).
1429 2034 1499 2095 454

267 2138 287 2203 ¹)
306 2135 411 2191 Fuerat
423 2133 579 2191 canonIcus
593 2135 622 2192 S.
636 2136 786 2208 Sepulchri
799 2135 848 2205 (cf.
861 2135 999 2192 Rohricht
1012 2135 1041 2191 in
1053 2136 1163 2191 ZDPV.
1178 2136 1214 2208 X,
1226 2154 1252 2208 p.
1271 2137 1322 2204 16).

274 2295 293 2325 „
341 2250 578 2332 Hierosolymis.
589 2285 633 2294 —
643 2251 848 2328 Almalricus),
861 2249 1030 2331 patriarcha
1041 2248 1355 2331 HIerosolymitanus,
1368 2251 1456 2312 Petro
1468 2251 1500 2330 Il,

193 2340 224 2401 S.
242 2339 405 2421 Sepulchri
423 2340 527 2421 priori,
548 2340 691 2422 precibus
713 2339 887 2401 Amalricil
910 2339 989 2417 regis
1013 2357 1138 2400 necnon
1161 2357 1317 2401 consensu
1341 2340 1498 2419 Hugonis,

191 2429 316 2510 Templi
334 2429 464 2490 Domini
480 2429 606 2505 abbatis,
622 2431 779 2491 ecclesiam
797 2429 1044 2511 Neapolitanam,
1062 2447 1142 2508 quae
1158 2430 1196 2489 ab
1213 2429 1327 2490 eodem
1343 2449 1413 2509 rege
1430 2431 1498 2491 data

192 2519 229 2578 ad
256 2517 382 2580 titulum
406 2519 588 2581 Dominicae
611 2520 767 2581 Passionis
789 2534 819 2580 et
841 2517 1089 2580 Resurrectionis
1114 2516 1271 2578 aedificata
1295 2518 1402 2591 fuerat,
1427 2539 1499 2580 cum

194 2605 312 2685 juribus
335 2608 425 2668 variis
447 2609 589 2670 concedit
612 2625 642 2670 et
664 2609 766 2688 sigillo
789 2606 961 2669 confirmat.
985 2640 1029 2650 -
1053 2607 1227 2668 Amalricus
1251 2627 1313 2682 rex,
1335 2608 1498 2685 Radulfus,

192 2696 404 2775 Bethleemita,
414 2697 587 2776 Rainerius,
598 2698 771 2775 Liddensis,
781 2697 954 2772 Rainerius,
965 2696 1162 2774 Sebastensis,
1174 2695 1322 2777 episcopi,
1335 2698 1499 2775 Rodulfus,

193 2785 393 2863 Sebastensis,
402 2787 596 2863 Homericus,
615 2788 732 2850 Montis
743 2786 865 2863 Oliveti,
876 2784 1003 2867 priores,
1015 2785 1183 2863 Guilricus,
1195 2786 1331 2847 decanus
1342 2787 1498 2869 Neapolis,

193 2875 350 2937 Rodulfus
365 2876 612 2952 archidiaconus,
624 2877 799 2938 Amalricus
814 2875 1022 2952 cancellarius,
1034 2875 1178 2955 magister
1187 2875 1334 2951 Eraclius,
1344 2876 1363 2954 ¹)
1381 2876 1498 2938 Roher-

192 2979 242 3026 tus
258 2965 297 3025 de
313 2965 492 3044 Pinchinec,
517 2966 688 3028 Gaufridus
704 2965 910 3044 Turonensis,
933 2964 1115 3040 Balduinus,
1139 2965 1312 3026 vicecomes
1331 2965 1498 3047 Neapolys,

193 3054 337 3132 magister
361 3054 546 3136 Stephanus.
579 3057 694 3117 Datum
718 3073 803 3116 anno
826 3075 843 3114 a
867 3054 1008 3135 captione
1033 3053 1203 3115 Jerusalem
1230 3054 1325 3115 LXIX
1349 3053 1498 3132 (Rozie're,

192 3164 223 3225 p.
243 3145 427 3223 287-289,
445 3145 506 3206 No.
530 3147 606 3218 1603
634 3145 750 3224 Migne,
769 3165 798 3226 p.
823 3163 1048 3223 1240-1241,
1066 3143 1126 3204 No.
1151 3144 1229 3219 160).
1429 3143 1500 3203 455

268 3247 288 3313 ¹)
301 3245 408 3300 Postea
422 3244 655 3317 archiepiscopus
669 3242 862 3300 Caesariensis
874 3256 903 3299 et
914 3242 1039 3315 denique
1050 3243 1210 3315 patriarcha
1220 3243 1499 3318 Hierosolymitanus

192 3316 317 3385 (zorv.
331 3316 509 3388 x‚p.7-8).

275 3475 295 3506 „
342 3430 577 3512 Hierosolymis.
595 3464 638 3472 -
656 3429 839 3508 Amalricus,
857 3429 1026 3509 patriarcha
1037 3427 1352 3510 Hierosolymitanus,
1363 3430 1452 3490 Petro
1464 3429 1499 3504 II,

193 3520 225 3583 S.
243 3519 406 3602 Sepulchri
424 3520 529 3600 priori,
550 3519 708 3580 ecclesiam
733 3519 763 3580 S.
782 3518 913 3593 Nicolai,
930 3538 1010 3598 quae
1026 3534 1108 3579 extra
1125 3538 1233 3579 muros
1249 3518 1365 3599 loppae
1382 3539 1399 3578 a
1416 3534 1499 3599 parte

193 3609 425 3690 septentrionali
449 3610 481 3669 in
504 3628 614 3688 aggere
638 3609 668 3670 S.
687 3609 807 3670 Nicolai
829 3627 922 3688 supra
946 3627 1029 3668 mare
1052 3623 1226 3670 constructa
1250 3625 1294 3668 est
1316 3624 1345 3668 et
1361 3627 1396 3667 ex
1414 3609 1500 3668 dono

193 3699 273 3779 regis
283 3697 430 3760 Amalrici
446 3700 456 3759 l
473 3699 510 3759 ad
527 3699 653 3759 titulum
670 3698 853 3759 Dominicae
870 3697 1026 3758 Passionis
1041 3712 1070 3758 et
1084 3697 1331 3758 Resurrectionis
1347 3697 1500 3778 pertinere

194 3788 375 3865 dinoscitur,
401 3808 473 3849 cum
500 3788 691 3869 pertinentiis
716 3807 750 3848 ac
777 3785 894 3865 juribus
920 3786 1062 3848 concedit
1085 3801 1115 3847 et
1137 3787 1237 3865 sigillo
1260 3785 1430 3847 confirmat.
1462 3821 1500 3830 -

193 3876 757 3952 Radulfus,Bethleemita,Rainerius,
768 3876 942 3956 Liddensis,
954 3876 1128 3954 Rainerius,
1140 3875 1339 3951 Sebastensis,
1351 3876 1499 3957 episcopi,

193 3966 357 4045 Radullus,
376 3966 575 4045 Sebastensis,
592 3966 797 4044 Haimericus,
814 3965 931 4027 Montis
947 3964 1070 4041 Oliveti,
1087 3964 1216 4047 priores,
1233 3965 1386 4026 Radulfus
1402 3966 1499 4025 archi-

194 4057 355 4134 diaconus,
371 4056 546 4118 Amalricus
563 4055 771 4134 cancellarius,
795 4055 939 4133 magister
953 4053 1102 4128 Eraclius,
1126 4055 1223 4132 Hugo
1243 4055 1280 4114 de
1296 4054 1499 4130 lherusalem,

194 4147 349 4207 Robertus
372 4145 410 4206 de
435 4146 611 4217 Pinchinec,
638 4144 809 4207 Gaufridus
831 4144 1038 4205 Turonensis.
1071 4144 1184 4204 Datum
1209 4161 1293 4204 anno
1317 4164 1334 4204 a
1358 4144 1500 4224 captione

194 4236 225 4297 S.
236 4234 374 4298 Civitatis
391 4235 487 4295 LXIX
504 4234 654 4311 (Roziere,
672 4255 701 4315 p.
715 4236 900 4312 289—290,
918 4235 978 4295 No.
996 4234 1070 4310 161;
1092 4233 1209 4311 MIgne,
1227 4252 1256 4314 p.
1274 4253 1499 4306 tarr-1212,

194 4325 254 4386 Νο.
281 4324 361 4399 161).
1430 4320 1501 4381 456

276 4495 295 4526 ,,
345 4483 381 4492 -
414 4448 577 4523 Gibertus,
608 4447 751 4527 magister
774 4447 960 4528 Hospitalis,
993 4445 1171 4508 auctoritate
1197 4446 1343 4507 omnium
1374 4447 1500 4509 fratrum

194 4537 278 4616 juxta
303 4537 538 4599 concessionem
564 4537 808 4619 praedecessoris
834 4537 1004 4599 Raimundi
1029 4535 1067 4596 ad
1094 4535 1273 4598 mansiones
1299 4536 1452 4598 faciendas
1472 4555 1500 4598 et

194 4629 395 4691 laborandam
412 4644 522 4688 terram
539 4627 571 4689 in
589 4628 706 4689 civitate
717 4628 884 4689 Bersabeae
901 4627 979 4688 Juda
999 4625 1072 4686 alias
1088 4625 1295 4704 Begebelinus
1305 4641 1411 4687 vocata
1427 4628 1501 4688 bur-

193 4718 342 4797 gensibus
367 4718 474 4795 donat,
501 4736 639 4797 quorum
665 4716 794 4778 nomina
820 4731 908 4777 sunt:
940 4717 1048 4777 Petrus
1075 4714 1287 4794 Alumnensis,
1314 4716 1500 4793 Bernardus,

194 4807 382 4883 Guilelmus,
395 4807 483 4867 frater
493 4805 571 4882 ejus,
588 4806 730 4867 Sanctius
746 4805 859 4881 Gasc0,
877 4804 1054 4887 Stephanus
1071 4804 1445 4881 Lombardus,Johannes
1462 4805 1500 4866 de

194 4896 396 4974 Corseniana,
413 4896 530 4973 Guid0,
547 4915 643 4976 gener
659 4893 735 4974 ejus,
754 4897 862 4956 Petrus
879 4896 916 4956 de
934 4895 1049 4972 Rohas,
1065 4894 1223 4955 lietardus
1239 4895 1391 4975 Bornifer,
1410 4895 1500 4955 Lam-
