3398 5400
297 359 355 423 ¹3⁰
855 330 1030 407 Regesta

290 427 729 437 -μ
735 430 940 436 ---.
960 430 1084 436 —..—
1098 426 1303 436 —u--m-...s-

291 556 464 638 quadrivio,
488 555 567 616 Petri
591 555 765 618 Guascouis
788 555 902 616 domus
917 570 988 615 ante
1005 555 1035 616 S.
1053 555 1256 630 Anastasiam,
1274 553 1327 614 filii
1345 553 1495 614 Willelmi
1512 555 1596 615 Mer-

291 646 364 706 cerii
381 644 490 720 voltae,
508 664 588 725 quae
605 660 678 706 sunt
693 647 803 705 subtus
819 644 932 706 domos
948 643 1075 705 Roberti
1092 643 1220 723 Ungari,
1244 645 1360 705 domus
1384 643 1510 705 Roberti
1528 643 1597 706 Un-

290 735 371 816 gari,
397 733 518 796 Nicolai
656 734 689 794 in
712 733 782 795 vico
808 733 993 813 Coquinati,
1026 733 1114 794 statio
1146 734 1256 794 subtus
1281 733 1395 795 domos
1419 732 1596 794 Constantii

290 824 390 901 Torri,
407 824 522 886 domus
539 823 647 884 Soardi
664 822 702 884 de
720 821 922 899 Mahomeria,
933 842 1013 903 quae
1029 837 1104 884 sunt
1119 821 1200 900 juxta
1217 822 1330 883 domos
1345 822 1462 883 Albeni
1474 869 1587 884 .....
1589 869 1597 902 ,

290 912 460 989 Herbeloti,
471 932 551 993 quae
562 928 635 973 sum
649 910 732 991 juxta
750 912 780 973 S.
793 911 972 990 Martinum,
982 912 1141 972 Bertrandi
1152 911 1334 973 Alumnelli.
1351 910 1481 973 Factum
1491 931 1597 974 coram

290 1002 447 1064 Amalrico
471 1001 640 1083 patriarcha
663 1015 693 1061 et
717 1000 848 1062 consilio
866 1000 1010 1062 Amalrici
1028 1001 1038 1061 l
1055 1001 1144 1081 regis.
1162 1035 1206 1043 —
1223 1001 1404 1078 Hernesius,
1428 999 1597 1082 archiepis·

290 1112 388 1174 copus
405 1091 621 1168 Caesariensis,
640 1090 803 1167 Radullus,
821 1090 985 1172 episcopus
1001 1089 1226 1151 Bethlehemita
1243 1105 1272 1151 et
1288 1090 1368 1169 regis
1384 1089 1595 1167 cancellarius,

290 1181 500 1258 Bernhardus,
524 1180 697 1258 Liddensis,
715 1180 903 1257 Willelmus,
921 1180 1122 1258 Acconensis,
1141 1179 1289 1260 episcopi,
1313 1179 1431 1256 Petrus,
1457 1179 1541 1259 prior
1564 1180 1594 1241 S.

290 1270 465 1352 Sepulchri,
488 1270 636 1347 Eraclius,
654 1269 890 1330 archidiaconus
905 1269 1182 1350 lerosolymitanus
1184 1316 1315 1346 ......
1334 1269 1521 1347 Monachus,
1542 1287 1596 1349 pa·

290 1360 437 1421 triarchae
454 1360 669 1434 cancellarius,
696 1359 734 1419 de
751 1358 935 1419 baronibus:
957 1356 1130 1419 Balduiuus
1147 1357 1351 1436 Ramatensis,
1368 1358 1596 1436 (Gormuudus)

290 1448 530 1522 Tiberiadensis,
546 1448 698 1524 Roardus,
715 1447 896 1508 castellanus
907 1447 1219 1528 Hierosolymitanus,
1231 1447 1400 1508 Auselmus
1417 1448 1455 1508 de
1466 1447 1538 1522 Pas;
1557 1447 1595 1508 de

290 1538 412 1617 juratis:
430 1538 578 1600 dominus
595 1538 726 1619 Symon,
737 1536 908 1598 Gaufridus
923 1537 1145 1613 Turronensis,
1156 1536 1345 1598 Gillebertus
1360 1537 1399 1598 de
1415 1535 1595 1617 Pinguigni,

291 1629 446 1689 Robertus
468 1628 507 1688 de
529 1626 705 1705 Blelgenci),
730 1670 1059 1704 .................
1084 1626 1219 1686 Pesellus
1243 1626 1318 1703 Rex,
1335 1625 1495 1687 lohannes
1511 1625 1595 1687 Bric-

290 1718 367 1795 cius,
385 1716 592 1793 (Guillelmus)
609 1716 739 1795 Beraldi,
764 1714 951 1777 Guillelmus
968 1716 1129 1793 Patronus,
1152 1714 1340 1777 Guillelmus
1356 1714 1394 1775 de
1410 1716 1505 1791 Pons,
1522 1715 1595 1776 Bar-

291 1805 488 1867 tholomaeus
498 1805 627 1883 Luscus,
637 1803 810 1867 Balduinus
819 1851 1476 1883 ..................................
1487 1805 1595 1866 Petrus

290 1897 329 1958 de
346 1896 376 1957 S.
385 1897 510 1972 lacob0,
528 1896 635 1956 Petrus
651 1895 689 1956 de
706 1894 737 1955 S.
749 1894 875 1971 Lazaro,
894 1893 1089 1971 Adelbertus,
1106 1894 1255 1975 pincerna
1272 1893 1458 1974 patriarchae
1467 1893 1563 1971 (Pauli
1573 1894 1595 1970 l,

290 2004 320 2067 r·
340 2004 525 2065 aaa-234,
543 1984 604 2045 N0·
628 1984 703 2058 1883
728 1982 766 2043 cf·
784 2002 814 2065 p·
836 1982 917 2063 su)-
1524 1980 1595 2042 4⁹2

352 2096 442 2158 1172
459 2099 554 2180 Sept,
571 2097 635 2158 ind.
646 2097 697 2175 Vl,
714 2112 809 2178 epact.
822 2096 872 2173 lV,
889 2115 1032 2158 concurr.
1043 2096 1093 2157 Vl.
1110 2130 1154 2139 -
1170 2096 1375 2157 Boamundus
1392 2097 1439 2176 lll,
1451 2096 1596 2179 princeps

291 2188 518 2264 Antiochenus,
541 2206 695 2248 consensu
720 2186 825 2247 uxoris
848 2184 1026 2264 Orgellosae
1050 2204 1106 2266 pro
1130 2185 1289 2246 excambio
1312 2186 1493 2266 domorum,
1515 2206 1595 2267 quae

291 2278 416 2340 fuerunt
440 2275 574 2356 Barutel,
598 2276 656 2337 XC
671 2276 819 2336 bisantios
841 2276 924 2356 apud
948 2274 1123 2335 Laudiriam
1139 2275 1171 2336 in
1189 2275 1289 2336 fundo
1306 2275 1423 2336 fructus
1442 2276 1595 2358 Hospitali

290 2369 387 2430 donat
403 2382 431 2428 et
447 2364 549 2447 sigillo
569 2365 680 2427 munit.
698 2399 740 2406 --
757 2364 947 2425 Guiscardus
970 2365 1009 2424 de
1032 2363 1135 2425 Insula
1159 2364 1416 2442 constabularius,
1440 2365 1595 2442 Silvester,

290 2474 442 2536 cognatus
468 2455 625 2536 principis,
651 2455 759 2515 Petrus
784 2453 980 2530 camerarius,
1005 2454 1163 2515 lohannes
1188 2454 1227 2514 de
1253 2453 1394 2533 Salquiu,
1416 2454 1597 2516 Willelmus

290 2546 446 2623 Baulredi,
463 2544 627 2622 Zaccarias,
644 2542 727 2604 lilius
743 2543 931 2604 Eschivardi.
957 2543 1071 2603 Datum
1088 2562 1144 2624 per
1159 2562 1289 2603 manum
1308 2542 1458 2604 Willelmi
1474 2543 1596 2605 cancel·

290 2635 357 2696 larii
381 2653 465 2695 anno
489 2633 678 2715 principatus
701 2632 742 2692 lX
765 2630 860 2708 (Paoli
877 2633 898 2711 l,
923 2651 952 2712 p.
973 2651 1045 2712 242,
1071 2632 1131 2694 No.
1156 2633 1230 2711 1983
1266 2632 1303 2693 cf.
1322 2632 1373 2694 Du
1391 2633 1595 2715 Gange-Rey,

290 2726 349 2786 Les
365 2723 506 2797 familles,
522 2743 552 2804 p·
576 2722 655 2802 194l·
1524 2720 1596 2781 493

380 2884 399 2916 „
446 2836 703 2919 (Hierosolymis).
720 2869 764 2879 —
781 2837 945 2914 Henricus,
963 2836 1105 2898 Bavariae
1122 2852 1152 2897 et
1168 2836 1320 2898 Saxoniae
1331 2838 1404 2917 dux,
1423 2837 1459 2899 lll
1476 2837 1595 2920 lampa-

291 2930 345 2990 des
367 2928 534 3007 constituit,
558 2946 692 3008 quarum
716 2926 815 3007 prima
838 2945 943 2987 coram
967 2926 997 2987 S.
1016 2926 1199 3007 Sepulchra,
1223 2926 1359 2987 secunda
1383 2928 1415 2988 in
1438 2927 1596 2990 Calvariae

290 3018 360 3080 loco
385 3034 454 3078 anre
477 3017 673 3079 Dominicam
698 3015 886 3097 passionem,
910 3015 996 3076 tertia
1019 3032 1089 3076 anre
1111 3015 1269 3076 vivificum
1292 3015 1323 3077 S.
1341 3016 1451 3078 Crucis
1471 3016 1595 3097 lignum

290 3127 394 3168 arsura
410 3107 458 3183 sit,
482 3121 512 3166 et
528 3106 555 3167 D
572 3105 708 3167 bisantiis
725 3118 843 3185 emptas
864 3104 977 3165 domos
1001 3105 1160 3165 Michaelis
1176 3104 1352 3166 Turbitoris
1375 3124 1468 3168 muro
1491 3106 1522 3168 S.
1540 3106 1596 3168 Se-

291 3194 411 3277 pulchri
424 3195 568 3256 ecclesiae
578 3195 741 3274 contiguas
752 3194 895 3274 assignat,
907 3195 991 3254 uude
1003 3195 1060 3255 XX
1071 3194 1191 3255 bisantii
1202 3195 1364 3256 annuatim
1375 3195 1596 3276 provenientes

290 3286 362 3347 oleo
378 3285 558 3365 lampadum
575 3285 710 3345 emendo
725 3282 889 3344 sufficiant.
906 3317 950 3326 -
966 3282 1170 3362 Almalricus),
1187 3283 1356 3364 patriarcha
1366 3284 1596 3367 Hierosolymi-

290 3390 392 3456 tanus,
418 3374 556 3452 Pletrus),
583 3373 614 3435 S.
637 3372 799 3453 Sepulchri
825 3372 918 3452 prior,
944 3372 1089 3453 subprior
1114 3387 1144 3433 et
1169 3374 1273 3454 plures
1299 3373 1348 3434 alii
1373 3374 1524 3436 canonici.
1552 3409 1596 3418 -

290 3465 480 3547 Appendent
490 3462 634 3524 Amalrici
645 3462 734 3541 regis,
746 3461 890 3521 Amalrici
902 3461 1088 3542 patriarchae
1105 3477 1135 3523 et
1151 3461 1373 3523 canonicorum
1390 3462 1421 3524 S.
1431 3463 1595 3545 Sepulchri

289 3553 387 3633 sigilla
404 3552 537 3630 (Scheid,
554 3551 699 3631 Origines
716 3550 819 3613 Guelf.
838 3550 884 3629 lll,
901 3571 930 3631 p.
952 3553 1142 3631 516-517;
1162 3552 1197 3627 V,
1215 3572 1244 3633 p.
1261 3552 1402 3630 18—193
1421 3552 1458 3614 cl.
1471 3572 1501 3634 p.
1518 3573 1594 3631 ¹073

291 3643 408 3719 Mader,
425 3641 580 3721 Antiquit.
598 3642 740 3717 Brunsv,
765 3659 795 3720 p.
819 3660 1013 3720 123-125,
1038 3641 1097 3703 No.
1117 3661 1152 3720 93
1185 3641 1372 3718 Rehtmeier,
1392 3641 1593 3704 Braunschw.

290 3733 410 3794 Chron.
428 3731 449 3808 l,
475 3750 506 3812 p.
526 3731 728 3811 338—3393
762 3728 800 3789 cf.
819 3728 992 3790 Mecklenb.
1011 3730 1216 3792 Urkundenb.
1235 3730 1257 3810 l,
1284 3749 1313 3811 p.
1336 3750 1406 3810 102,
1433 3731 1493 3793 No.
1518 3751 1593 3813 ¹033

290 3821 452 3900 Rbhricht,
469 3819 561 3881 Beitr.
579 3819 614 3898 ll,
631 3838 660 3900 p.
685 3819 874 3897 roa-116).
1524 3818 1596 3880 494

333 3938 345 4015 (
384 3981 401 4013 „
442 3930 1595 4018 c.).—A(malricus)l,rexHierosolymitanus,Allexandrumllllpapam,

289 4027 344 4106 qui
361 4025 464 4107 ipsum
481 4038 656 4100 monuerat,
674 4040 707 4084 ut
723 4024 881 4084 ecclesiam
899 4021 1072 4084 Palmareae
1089 4023 1230 4085 fratribus
1241 4023 1502 4087 Cluniacensibus
1518 4045 1592 4088 con·

290 4116 419 4191 cederet,
443 4130 540 4194 rogat,
564 4129 607 4191 ut,
624 4132 725 4194 quum
748 4114 840 4173 abbas
862 4113 981 4193 primus
1005 4113 1180 4192 defunctus,
1203 4114 1360 4174 secundus
1383 4133 1456 4175 vero
1482 4116 1594 4176 «abbas

290 4223 356 4265 non
378 4205 457 4265 adeo
479 4202 629 4265 sollicitus
653 4203 685 4263 in
709 4202 944 4281 congregandis,
969 4218 1062 4283 prout
1084 4203 1215 4284 expedit,
1240 4201 1383 4264 ecclesiae
1406 4204 1519 4266 rebus»
1545 4204 1592 4281 sit,

289 4293 490 4369 Gorimuudi,
502 4293 573 4353 dicti
585 4292 700 4352 abbatis
710 4291 858 4369 advocari,
877 4292 1019 4372 precibus
1035 4290 1195 4371 indulgeat
1212 4307 1241 4352 et
1257 4295 1398 4353 abbatem
1413 4311 1592 4373 congruum

291 4382 336 4444 vel
354 4382 489 4465 priorem
506 4401 577 4442 cum
601 4381 698 4441 tribus
721 4380 768 4440 vel
792 4395 939 4459 quattuor
964 4380 1107 4441 fratribus
1133 4381 1392 4443 Cluniacensibus
1417 4382 1455 4443 ad
1481 4382 1593 4444 dictam

289 4470 448 4533 ecclesiam
472 4471 645 4531 Palmareae
668 4469 849 4530 transmittat
875 4469 936 4546 (Du
954 4470 1156 4552 Cange-Rey,
1174 4471 1233 4531 Les
1250 4470 1389 4549 familles,
1407 4490 1437 4552 p.
1451 4472 1532 4552 8373
1554 4472 1592 4534 cl.

290 4561 450 4639 Mabillon,
466 4561 580 4620 Annal.
597 4579 674 4620 saec.
693 4558 743 4636 Vl,
761 4574 834 4639 part.
852 4558 872 4636 l,
889 4567 903 4627 s
922 4578 951 4635 2,
968 4559 1028 4621 Νο.
1053 4580 1084 4620 tr
1106 4577 1134 4621 et
1150 4580 1244 4642 supra
1260 4560 1320 4621 Νο.
1338 4561 1413 4640 484.
1523 4558 1593 4620 495

351 4674 441 4737 1173
457 4677 546 4737 Mart.
560 4677 611 4752 26,
629 4675 693 4737 ind.
704 4675 755 4735 Xl.
765 4675 784 4750 ¹)
802 4680 918 4735 Accon.
932 4709 971 4717 -
987 4675 1161 4736 Amalricus
1178 4674 1199 4752 l,
1216 4694 1268 4736 rex
1279 4675 1593 4757 Hierosolymitanus,

289 4765 400 4828 domui
418 4765 691 4826 Theutonicorum
716 4783 772 4845 pro
795 4763 906 4845 pannis
930 4763 1127 4826 infirmorum
1144 4765 1257 4826 CCCC
1273 4765 1420 4827 bisantios
1436 4766 1476 4827 de
1497 4765 1594 4830 funda

364 4888 384 4954 ¹)
403 4883 587 4956 Corrigatur:
601 4884 646 4937 Vl.
