3398 5400
308 550 386 628 cilia,
404 550 434 611 S.
453 549 584 610 Pastoris
600 548 749 627 (Roziere,
767 569 796 629 p.
817 569 1001 630 329—331,
1016 550 1077 612 No.
1102 552 1176 630 1853
1203 548 1319 628 Migne,
1335 568 1364 630 p.
1388 550 1614 628 raso—1262,

309 639 370 700 No.
401 639 479 718 185).
498 634 507 721 fl}
528 639 797 700 Accuratissimam
822 638 1060 720 descriptionem
1085 639 1178 702 Urbis
1203 639 1332 700 Sanctae
1358 637 1614 719 topographicam

308 728 343 806 (c.
368 729 470 806 1180),
495 747 556 808 qua
582 729 683 789 charra
709 744 813 789 nostra
835 728 1003 790 illustratur
1027 729 1097 789 citat
1123 728 1282 804 Rohricht,
1315 727 1393 789 Bibl.
1414 747 1521 808 geogr.
1539 727 1614 803 Par,

309 818 370 880 No.
386 838 453 898 103.
472 816 702 878 Delineationes
717 819 954 898 topographicas
970 818 1007 879 cf.
1026 818 1058 879 in
1076 817 1227 897 Pilgrim's
1243 817 1332 878 Text.
1351 817 1421 879 Soc.
1437 818 1529 894 1888,
1546 816 1614 878 VIII

308 923 337 968 et
360 908 449 986 1890,
466 907 520 967 Xll
537 922 565 968 et
582 927 598 967 a
614 908 705 967 nobis
721 907 816 968 editas
832 908 864 968 in
881 907 997 969 ZDPV.
1022 910 1113 986 1891,
1130 908 1210 970 XIV.
1543 904 1610 965 421

352 1013 383 1091 (l
394 1011 480 1073 165?
496 1012 544 1090 c).
562 1048 605 1058 —
621 1014 830 1092 GlilbertusII,
848 1015 992 1094 magister
1002 1013 1180 1095 Hospitalis,
1191 1013 1461 1095 archiepiscopum
1469 1013 1614 1075 Tranen-

308 1123 372 1164 sem
391 1119 487 1182 rogat,
512 1119 545 1163 ut
561 1103 744 1165 christianos
761 1119 896 1181 moneat,
920 1121 954 1166 ut
978 1104 1121 1165 fratribus
1144 1104 1214 1165 dicti
1239 1104 1357 1164 ordinis
1379 1120 1486 1164 contra
1509 1104 1614 1165 hostes

308 1192 379 1253 fidei
397 1209 570 1273 pugnantes
587 1192 736 1254 beneficia
752 1193 921 1271 largiantur
937 1192 1091 1273 (Prologo,
1112 1193 1156 1254 Le
1173 1209 1251 1254 carte
1272 1241 1279 1254 .
1298 1240 1305 1254 .
1324 1241 1331 1254 .
1350 1240 1356 1254 .
1375 1193 1460 1254 nello
1475 1193 1613 1255 archivio

308 1282 357 1342 del
374 1282 507 1362 capitolo
525 1329 532 1342 .
550 1333 557 1346 .
576 1330 582 1342 .
600 1282 631 1343 di
647 1283 755 1359 Trani,
772 1283 902 1343 Barletta
926 1285 1016 1360 1877,
1034 1303 1064 1363 p.
1085 1286 1269 1363 256—257‚
1287 1283 1347 1343 No.
1371 1283 1451 1362 124).
1543 1279 1614 1341 422

352 1385 471 1465 (1166)
487 1387 585 1469 April.
602 1387 674 1467 (29).
700 1388 893 1449 Rammulae.
911 1422 954 1430 -
970 1387 1142 1449 Balduinus
1159 1389 1197 1449 de
1213 1387 1336 1464 Ybelin,
1353 1387 1503 1449 dominus
1521 1386 1613 1447 Mira·

308 1476 390 1555 belli,
413 1496 570 1538 consensu
595 1477 740 1538 Amalrici
758 1477 778 1555 l,
803 1477 882 1557 regis
905 1476 1192 1559 Hierosolymitani,
1219 1476 1364 1556 Hugonis
1387 1476 1426 1536 de
1450 1476 1565 1537 Ybelin
1585 1491 1614 1537 et

308 1566 424 1627 Baliani
443 1565 580 1645 fratrum,
604 1566 761 1628 Richeldis
780 1566 894 1645 uxoris,
911 1566 1060 1647 quicquid
1079 1565 1239 1647 Hospitale
1256 1565 1406 1647 Neapoliz
1422 1566 1460 1626 de
1477 1564 1613 1626 eleemo-

307 1654 373 1716 sina
390 1656 492 1737 parris,
510 1656 614 1717 matris
631 1673 659 1716 er
676 1657 948 1737 praedecessorum
959 1675 1090 1717 suorum
1101 1657 1202 1733 habet,
1214 1654 1354 1716 videlicet
1364 1656 1487 1733 domos,
1497 1655 1612 1733 vlneas,

307 1762 400 1805 terras
417 1745 512 1805 cultas
528 1762 557 1806 er
573 1760 681 1823 vastas,
693 1764 772 1825 quae
790 1746 828 1806 de
845 1744 911 1823 jure
929 1761 957 1806 et
974 1745 1166 1826 pertinentiis
1177 1745 1346 1825 Hospitalis
1364 1744 1515 1805 Mirabelli
1532 1759 1613 1821 sunt,

309 1851 337 1894 et
353 1835 468 1895 domus
484 1834 642 1915 Neapolis,
659 1834 931 1895 redecimationem
950 1833 1111 1911 Mirabelli,
1123 1834 1281 1910 Luceriae,
1294 1833 1517 1911 Marescalciae,
1528 1833 1613 1894 Ren-

307 1924 364 1985 tiae
390 1939 419 1984 et
444 1924 656 2002 Casreherrae,
679 1924 830 2004 quoniam
856 1924 1021 2005 episcopus
1045 1924 1075 1985 S.
1093 1923 1221 2003 Georgii
1244 1924 1376 2004 primam
1399 1938 1428 1983 et
1451 1922 1612 2003 Hospitale

307 2013 477 2074 secundam
494 2012 646 2074 decimam
663 2012 779 2094 recipit,
797 2013 898 2074 eidem
914 2013 1023 2074 domui
1035 2012 1206 2074 confirmat.
1217 2045 1261 2056 -
1272 2012 1443 2073 Nicholaus
1453 2013 1491 2073 de
1501 2010 1612 2088 Jbelin,

307 2102 505 2178 Osmundus‚
522 2101 612 2162 frater
628 2101 704 2180 ejus,
722 2103 896 2180 MorarduS,
911 2102 1101 2177 Gualterius,
1118 2103 1290 2164 vicecomes
1301 2101 1463 2179 Mirabelli,
1480 2099 1612 2182 Symon,

307 2191 389 2252 lilius
421 2191 559 2268 MarsiliI,
590 2191 748 2252 lohannes
777 2192 880 2269 Arabi,
914 2191 1067 2252 Ernaldus
1091 2193 1253 2270 Mercator,
1280 2192 1388 2253 Petrus
1418 2190 1611 2272 Tyberiadis.

309 2281 436 2342 Factum
461 2296 505 2341 est
530 2296 670 2362 tempore
696 2281 832 2360 magistri
858 2280 1000 2356 (Girberti
1028 2281 1196 2363 Hospitalis
1222 2296 1250 2342 et
1273 2281 1371 2341 fratris
1394 2279 1551 2358 Guigonis
1574 2279 1612 2340 de

308 2371 439 2447 Mlaqu,
457 2370 663 2451 praeceptoris
679 2386 709 2430 et
725 2370 823 2431 fratris
833 2369 941 2431 Oldini
953 2370 1099 2447 Rolllant,
1111 2369 1316 2451 praeceptoris
1333 2371 1370 2430 de
1387 2368 1494 2450 Spina)
1510 2368 1612 2446 (Dela-

307 2460 376 2520 ville
394 2458 422 2520 le
440 2458 553 2534 Roulx,
571 2478 600 2540 p.
620 2480 799 2538 toa—104,
817 2460 877 2520 Νο.
891 2479 929 2539 ²3
950 2457 997 2539 [cl.
1009 2480 1039 2541 p.
1057 2458 1121 2539 17];
1141 2461 1241 2538 Prutz,
1258 2480 1287 2540 p.
1306 2478 1485 2538 roa—103,
1497 2459 1558 2520 No.
1571 2477 1612 2538 ²4

309 2548 355 2627 [ad
371 2570 379 2608 r
394 2546 483 2627 trial).
501 2544 510 2632 ΙΙ
527 2549 595 2609 Hoc
606 2548 801 2629 privilegium
812 2549 848 2627 (c.
864 2569 898 2610 12
905 2550 954 2628 50)
965 2550 1001 2625 J.,
1013 2550 1105 2609 abbas
1122 2549 1152 2610 S.
1165 2549 1340 2630 Sepulchri,
1351 2565 1381 2609 et
1392 2549 1504 2624 Adam,
1515 2547 1613 2608 archi-

307 2639 459 2698 diaconus
470 2635 671 2715 Acconensis,
688 2658 720 2699 se
736 2638 848 2699 vidisse
864 2637 1050 2699 confirmant
1062 2637 1220 2714 (Delaville
1237 2639 1265 2699 le
1283 2637 1395 2715 Roulx,
1413 2657 1443 2718 p.
1461 2638 1519 2715 ιγ).
1544 2634 1613 2695 423

397 2796 417 2827 ,,
464 2768 533 2832 post
549 2752 631 2832 Sept.
650 2772 759 2830 mens,
777 2752 841 2813 ind.
852 2752 920 2815 XV.
937 2786 981 2796 —
998 2753 1202 2813 Boamuadus
1220 2752 1266 2829 lll,
1284 2752 1428 2832 princeps
1445 2751 1613 2813 Antioche·

309 2860 379 2918 nus,
396 2841 497 2919 sigillo
514 2840 686 2919 confirmat,
704 2842 977 2903 Bartholomaeum
988 2842 1026 2903 de
1038 2842 1171 2902 Moissac
1187 2844 1268 2903 bona
1285 2842 1363 2902 Petri
1381 2840 1462 2923 Gayi
1478 2842 1613 2921 burgen-

307 2931 358 3008 sis,
374 2949 454 3010 quae
470 2950 538 2991 aere
555 2929 658 2992 alieno
682 2947 828 2991 oneratus
852 2931 988 2992 moriens
1005 2931 1178 3011 reliquerat,
1203 2930 1333 2993 nomine
1355 2929 1525 3011 Hospitalis
1541 2948 1612 2992 cum

307 3020 394 3080 socio
404 3039 463 3080 suo
474 3019 513 3079 Vl
530 3019 668 3080 millibus
684 3037 712 3081 et
723 3021 778 3082 CC
794 3021 931 3081 bisantiis
948 3021 1067 3082 emisse.
1093 3021 1178 3080 Haec
1194 3039 1267 3081 vero
1278 3020 1431 3081 hereditas
1442 3035 1486 3081 est
1496 3019 1613 3100 gastina

309 3107 338 3168 S.
356 3107 470 3185 Basilii,
487 3127 567 3188 quae
585 3108 642 3169 fuit
658 3110 696 3170 de
713 3110 880 3171 hereditate
898 3110 1057 3171 Michaelis
1077 3109 1194 3188 MagnI,
1212 3109 1340 3188 Georgii
1365 3110 1439 3170 Raiz
1461 3124 1491 3170 et
1505 3109 1614 3170 Theo·

308 3197 386 3273 dori,
404 3198 514 3258 notarii
531 3198 628 3276 ducis,
646 3218 703 3279 pro
720 3218 781 3279 qua
804 3199 923 3278 gastina
946 3200 1053 3261 Petrus
1077 3198 1183 3280 Gayus
1206 3199 1348 3260 Michaeli
1365 3199 1416 3277 lV,
1434 3198 1573 3278 Georgio
1589 3197 1614 3258 II

308 3302 337 3346 et
351 3286 523 3347 Theodoro
539 3287 563 3347 ll
580 3287 728 3348 bisantios
748 3288 907 3350 annuatIm
932 3289 1077 3349 solvebat.
1103 3287 1231 3350 Gastina
1248 3308 1321 3350 vero
1337 3287 1438 3349 affinis
1455 3303 1500 3349 est
1515 3287 1614 3348 vineis

307 3376 345 3435 de
366 3376 510 3454 Boordiz,
533 3376 669 3455 gastinae
693 3377 723 3438 S.
742 3378 1001 3439 Machabaeorum
1027 3393 1056 3438 et
1080 3377 1110 3438 S.
1128 3377 1295 3454 Simeonis,
1319 3396 1415 3457 quam
1439 3376 1614 3438 AImericus

308 3465 469 3526 Richerius
486 3466 546 3526 hoc
561 3480 701 3546 tempore
718 3468 870 3547 possidet;
888 3465 1028 3543 adiacent
1045 3486 1173 3547 quoque
1184 3467 1258 3527 huic
1268 3467 1404 3545 gastinae
1416 3466 1496 3548 petia
1506 3482 1613 3545 terrae,

307 3573 386 3634 quae
405 3554 461 3616 fuit
477 3555 516 3616 de
533 3555 699 3616 hereditate
717 3556 876 3617 Michaelis
893 3557 1010 3636 Magni,
1022 3575 1116 3637 quam
1134 3556 1241 3617 dividit
1257 3556 1371 3617 fluvius
1387 3557 1425 3616 ab
1442 3555 1613 3633 occidente,

306 3661 335 3704 et
352 3645 458 3704 vineae
476 3644 505 3707 S.
514 3644 652 3723 Georgii,
669 3645 816 3723 Hugonis
828 3646 966 3706 Darenae
981 3646 1001 3721 ¹)
1017 3661 1046 3705 et
1056 3645 1221 3706 Alexandri
1240 3645 1277 3706 de
1295 3645 1396 3706 Porta.
1407 3645 1614 3724 —Silvester,

306 3749 457 3812 cognatus
468 3733 625 3815 principis,
637 3735 813 3795 Bernardus
828 3735 1039 3811 cancellarius,
1051 3736 1236 3812 Rohberrus,
1249 3734 1331 3796 filius
1341 3733 1495 3812 Gaufridi,
1507 3733 1613 3795 Eschi-

306 3824 418 3883 rardus
434 3823 636 3899 senescalcus,
649 3824 827 3885 Willelmus
838 3823 958 3902 Baufre,
975 3824 1038 3884 dux
1055 3823 1249 3903 Antiochiae,
1267 3823 1465 3902 Bonablus,²)
1482 3823 1614 3886 (laufre-

306 3912 365 3972 dus
382 3911 584 3990 Falsardus,³)
601 3912 750 3974 Vassilius
768 3915 950 3991 vicecomes,
974 3913 1082 3973 Petrus
1099 3914 1136 3974 de
1155 3912 1258 3992 Mella,
1283 3912 1450 3992 Borrellus,
1467 3913 1614 3974 Tetricus

306 4002 344 4061 de
360 4001 490 4080 Tornai,
510 4003 604 4062 Aimo
622 4003 793 4080 Mathaeus,
819 4003 959 4063 Andreas
975 4002 1182 4079 Lombardus,
1200 4002 1351 4066 Boninus.
1384 4002 1514 4065 Factum
1530 4020 1614 4064 anno

306 4090 495 4171 principatus
511 4091 548 4151 lll
565 4089 723 4168 (Delaville
739 4091 768 4151 le
785 4092 898 4170 Roulx,
916 4112 945 4173 p.
970 4094 1149 4171 104-106,
1167 4092 1227 4152 No.
1248 4111 1289 4170 24
1307 4089 1353 4170 [cf.
1372 4111 1402 4172 p.
1420 4089 1485 4170 17];
1511 4093 1612 4170 Prutz,

305 4199 335 4260 p.
359 4200 539 4259 roo-tor,
556 4180 617 4242 No.
637 4182 698 4258 ar).
1544 4178 1614 4240 424

381 4286 400 4351 ¹)
420 4284 456 4338 de
470 4284 583 4337 Harenc
596 4284 748 4353 (Harem)?
823 4284 844 4353 ²)
864 4282 940 4337 Alias
954 4282 1130 4338 Bonabulus.
1206 4285 1226 4352 ⁸)
1246 4281 1322 4337 Alias
1337 4282 1454 4338 Falsart.

394 4432 413 4463 „
460 4385 543 4467 (post
559 4386 642 4467 Sept.
668 4386 704 4464 ι),
729 4387 793 4448 ind.
810 4386 878 4448 XV.
895 4420 939 4429 -
956 4387 1062 4464 Hugo,
1087 4386 1236 4446 dominus
1256 4386 1433 4461 Caesareae,
1457 4406 1612 4449 consensu

306 4475 411 4536 uxoris
421 4475 543 4553 Ysabel,
555 4476 645 4537 Petro
657 4476 691 4555 ll,
709 4475 739 4537 S.
752 4476 914 4556 Sepulchri
926 4475 1032 4556 priori,
1041 4477 1060 4552 ¹>
1079 4491 1226 4535 montana
1237 4476 1329 4536 horto
1340 4477 1378 4536 de
1390 4476 1414 4536 F
1416 4476 1493 4537 eissa
1504 4476 1612 4556 vicina,

306 4564 359 4626 ubi
376 4565 447 4626 fons
464 4566 502 4626 de
520 4566 677 4628 conductu
701 4564 808 4644 oritur,
832 4567 927 4627 donat
942 4581 971 4626 et
987 4565 1089 4644 sigillo
1112 4564 1285 4625 confirmat.
1317 4565 1426 4646 Incipit
1449 4582 1555 4627 autem
1578 4586 1614 4627 ex

305 4655 395 4715 altera
413 4670 496 4735 parte
516 4654 626 4715 divisio
649 4671 746 4716 terrae
770 4652 864 4732 hujus
880 4676 897 4715 a
913 4655 971 4732 via,
989 4674 1068 4735 quae
1085 4655 1169 4714 venit
1186 4655 1223 4714 de
1240 4653 1376 4714 Braicaet
1393 4673 1500 4716 versus
1516 4654 1613 4716 casale

305 4743 336 4804 S.
346 4743 520 4825 Sepulchri,
537 4760 566 4804 et
582 4744 662 4805 vadit
680 4764 787 4805 versus
803 4745 953 4804 orientem
972 4764 1025 4824 per
1042 4763 1265 4823 caveam,quae
1283 4759 1326 4803 est
1343 4743 1422 4804 inrer
1439 4743 1463 4804 ll
1480 4761 1613 4823 montes,

304 4848 515 4856 -——-—-.

389 4884 400 4949 )
419 4880 463 4934 lle
477 4898 536 4952 quo
551 4882 661 4936 lel’V.
677 4881 711 4951 X,
724 4899 751 4953 p.
761 4901 805 4956 43.
