3398 5400
263 368 326 428 314
825 342 1001 412 Regesta

280 438 298 443 --
313 438 831 445 -—-—..—..-.—.-...—..
919 436 1565 445 —----————·——-——--—

259 573 376 634 abbatis
393 573 489 633 donat
505 589 615 634 terram
631 575 736 634 subter
751 572 844 634 veteri
860 573 949 634 vinea
966 573 1081 633 domus
1097 572 1128 634 S.
1146 571 1229 633 Fliae
1246 572 1284 633 de
1301 572 1445 633 Carmelo
1461 572 1564 648 sitam,

261 663 313 724 ubi
336 662 512 723 ascenditur
527 682 627 742 usque
648 663 686 724 ad
703 678 815 722 terram
829 662 937 723 vineae
954 663 992 723 de
1008 662 1092 742 Agis,
1109 679 1138 722 et
1155 661 1237 738 inde,
1255 661 1308 722 ubi
1325 661 1437 722 directe
1455 661 1565 722 11111111

260 752 370 813 vallem
388 752 486 813 fratris
502 752 627 832 Templi
645 752 768 826 dictam,
785 752 823 811 ad
840 751 977 812 dextram
1001 770 1129 812 manum
1154 753 1259 812 subter
1274 768 1303 811 et
1319 750 1392 812 inde
1409 752 1565 830 usquead

260 841 341 902 viam
353 841 501 902 furcatam
518 843 623 903 subter
638 842 778 917 cisterna,
789 840 843 901 ubi
860 840 1034 902 ascenditur
1050 842 1088 901 ad
1106 841 1136 901 S.
1150 841 1351 919 Margaretam
1362 840 1401 901 de
1411 839 1568 917 Carme10,

260 951 340 1011 quae
351 930 397 990 via
410 946 471 991 tota
489 930 583 991 libera
600 947 766 1007 remaneat,
777 929 877 1010 qualis
893 947 981 990 antea
999 929 1066 1008 fuit,
1083 946 1175 1010 atque
1191 929 1263 990 iude
1281 929 1393 991 directe
1411 949 1510 1010 usque
1527 931 1567 990 ad

261 1020 342 1082 ovile
359 1040 455 1101 prope
473 1019 563 1080 calcis
581 1019 737 1081 fornacem
754 1020 859 1081 situm.
870 1053 913 1063 —
924 1019 1104 1082 Guillaume
1115 1019 1229 1095 Cairar,
1242 1019 1347 1080 Balian
1359 1019 1568 1096 Antiaume,¹(

260 1110 359 1172 Johan
371 1111 476 1187 Costa,
488 1110 611 1170 Renaut
621 1108 725 1188 junior
735 1125 764 1170 et
780 1108 829 1170 alii
847 1109 941 1185 (Paoli
952 1109 973 1185 l,
986 1130 1016 1191 p.
1029 1128 1097 1188 140,
1109 1110 1170 1170 No.
1183 1129 1258 1185 ¹²23
1277 1108 1314 1170 cf.
1327 1128 1356 1189 p.
1372 1108 1453 1188 527).
1476 1106 1568 1168 1189

336 1214 357 1279 ¹)
377 1212 419 1265 De
434 1228 493 1283 quo
507 1210 576 1266 Lois
589 1211 646 1278 (ed.
662 1211 808 1282 Beugnot)
822 1210 853 1278 ll,
866 1228 893 1282 p.
908 1228 960 1283 339
973 1222 1033 1265 not.

322 1320 412 1381 1250
430 1321 563 1402 Maj.15.
582 1328 698 1384 1111011.
716 1356 759 1366 -
777 1323 941 1397 Robertus,
959 1321 1452 1403 patriarchaHierosolymitanus,
1463 1320 1568 1382 coetui

260 1413 462 1474 cardinalium
486 1412 516 1473 S.
535 1413 569 1473 E.
588 1412 623 1472 R.
647 1412 759 1489 scribit,
784 1411 956 1472 christianis
981 1413 1145 1472 Mansurae
1166 1411 1252 1472 victis
1268 1431 1300 1471 se
1317 1411 1420 1491 ipsum
1437 1410 1568 1490 quidem

260 1520 332 1562 cum
355 1501 458 1579 legato
482 1501 654 1562 Damiatam
678 1503 829 1582 elapsum,
853 1519 958 1580 regem
979 1519 1054 1561 vero
1078 1500 1273 1562 Ludovicum
1296 1498 1390 1581 paulo
1407 1514 1477 1580 post
1493 1518 1569 1560 cum

261 1589 403 1651 fratribus
427 1610 462 1651 ac
485 1591 622 1652 dominis
648 1591 792 1672 Philippo
818 1592 855 1651 de
883 1589 1073 1665 Monteforti,
1100 1591 1265 1652 Baudoino
1291 1605 1320 1650 et
1345 1588 1502 1651 Gwidone
1529 1589 1569 1650 de

262 1679 407 1753 Ybelino,
426 1680 568 1741 fratribus
584 1680 710 1761 Templi
733 1696 761 1741 et
784 1679 955 1761 Hospitalis
978 1696 1104 1761 captum
1121 1678 1214 1741 fuisse
1232 1696 1260 1740 et
1276 1699 1307 1739 se
1325 1679 1462 1739 eundem
1487 1699 1494 1739 1
1515 1678 1568 1738 die

261 1767 334 1846 Maii
345 1770 471 1845 adiisse;
484 1771 609 1831 tandem
620 1789 723 1848 regem
735 1770 783 1830 die
796 1769 934 1845 Veneris,
947 1769 1086 1829 Damiata
1097 1769 1224 1845 reddita,
1235 1768 1398 1829 liberatum
1407 1772 1570 1829 Acconem

260 1859 426 1940 appulsum
445 1859 539 1920 fuisse
557 1858 680 1935 (Annal.
699 1859 736 1920 de
752 1860 894 1934 Burton,
911 1877 940 1939 p.
955 1859 1149 1938 185-1891.
1476 1854 1570 1916 1190

304 1978 316 2054 (
354 2021 372 2050 ,,
420 1996 445 2037 1.
465 1975 536 2054 Maj.
561 1997 607 2056 ¹5·
633 1974 824 2053 Accon).—-
847 1976 993 2056 Epistola,
1018 1990 1052 2036 ut
1074 1975 1204 2050 videtur,
1229 1973 1357 2035 fratrum
1379 1973 1504 2054 Templi
1529 1975 1569 2036 ad

261 2065 366 2127 fratres
389 2066 535 2127 Franciae
558 2065 679 2147 scripta,
696 2085 758 2145 qua
783 2064 936 2140 nuntiant,
961 2064 1129 2126 exercitum
1152 2063 1392 2126 christianorum
1412 2081 1446 2122 ac
1462 2082 1569 2141 regem

260 2155 379 2234 ingenti
396 2155 481 2216 clade
497 2170 619 2236 accepta
642 2170 776 2236 captum,
800 2155 853 2215 sed
878 2154 1057 2230 (Odoneml,
1081 2153 1218 2233 legatum
1241 2152 1470 2234 Apostolicum,
1494 2172 1568 2213 cum

261 2244 428 2322 (Robertol,
440 2244 607 2325 patriarcha
618 2242 913 2324 Hierosolymitaito,
926 2243 998 2323 fuga
1009 2241 1130 2324 elapsos
1141 2262 1220 2316 esse;
1239 2244 1277 2303 de
1288 2242 1431 2303 fratribus
1440 2240 1569 2323 Templi

261 2333 297 2395 lll
323 2333 463 2411 evasisse,
489 2335 526 2395 de
551 2333 693 2394 fratribus
716 2332 885 2413 Hospitalis
909 2333 948 2394 lV
966 2347 1071 2414 captos
1095 2332 1188 2393 fuisse
1212 2347 1240 2392 et
1266 2350 1365 2393 unum
1389 2350 1460 2391 cum
1484 2350 1568 2411 rege,

261 2438 378 2484 ceteros
395 2442 505 2484 omnes
522 2423 666 2483 cecidisse
683 2437 810 2503 excepto
826 2422 1039 2501 vicemagistro
1056 2437 1085 2482 et
1101 2421 1190 2482 fratre
1206 2421 1348 2482 iohanne
1365 2420 1403 2480 de
1420 2420 1570 2501 Bonay.¹)

260 2511 382 2573 Deinde
400 2532 507 2593 pacem
526 2512 635 2573 factam
646 2511 740 2573 fuisse
751 2531 786 2571 ea
796 2512 986 2588 conditione,
999 2527 1031 2572 ut
1041 2511 1197 2571 christiani
1209 2510 1381 2571 Damiatam
1394 2508 1569 2587 redderent,

260 2601 313 2662 sed
331 2616 471 2662 tenerent
492 2602 602 2683 lopen,
626 2601 794 2677 Azothum,
819 2601 1013 2678 Caesaream,
1038 2601 1182 2662 Castrum
1206 2600 1420 2679 Peregrinum,
1444 2598 1569 2679 Cayfas,

260 2691 461 2772 Caymotum,
479 2691 641 2767 Nazareth,
659 2689 844 2769 Saphotum,
862 2690 1015 2768 Beelford,
1032 2689 1166 2771 Tyrum,
1177 2690 1286 2750 Canan
1301 2687 1455 2766 Turoriis,
1473 2707 1571 2767 quarn

262 2780 405 2842 Saraceni
430 2794 666 2861 occupaverant,
690 2799 761 2856 rege
778 2793 848 2840 ante
866 2779 1038 2840 Damiatam
1065 2779 1244 2855 constituto,
1271 2794 1300 2838 11
1322 2777 1483 2859 Sydonem
1507 2774 1570 2854 jam

260 2884 348 2930 antea
359 2891 376 2929 a
387 2869 561 2930 Sarracenis
571 2885 763 2950 occupatam.
782 2868 926 2948 Denique
938 2868 1107 2934 nuntiatur.
1119 2867 1367 2946 vicemagistrum
1380 2865 1571 2927 antedictum

261 2978 327 3021 non
345 2974 470 3039 captum
493 2959 546 3019 sed
570 2978 643 3020 cum
666 2957 830 3039 drappario
853 2957 1023 3040 Hospitalis
1046 2957 1243 3018 interfectum
1266 2955 1360 3017 fuisse
1384 2955 1573 3031 (Matthaeus

262 3048 355 3125 Paris,
373 3049 492 3110 Chron.
511 3047 581 3126 maj.
601 3048 649 3126 Vl,
667 3067 697 3128 p.
722 3067 902 3126 191--197,
920 3049 979 3108 No.
1000 3046 1062 3126 95).
1480 3041 1568 3103 1191

338 3153 359 3216 ¹)
378 3151 485 3221 Aperte
497 3148 652 3220 legendum
667 3161 709 3203 est
723 3148 834 3219 Ronay,
855 3148 890 3202 de
905 3165 964 3220 quo
978 3147 1075 3203 videas
1089 3146 1225 3202 Delaville
1239 3146 1265 3202 le
1278 3145 1380 3216 Roulx,
1393 3163 1420 3218 p.
1439 3144 1497 3215 181,
1511 3164 1541 3200 21
1552 3164 1574 3216 1,

263 3238 397 3293 1111111.

306 3314 317 3395 (
355 3361 375 3391 ,,
422 3330 491 3396 post
508 3313 951 3390 Octob.17).-Guillelmus
962 3314 999 3375 de
1010 3315 1120 3376 Castro
1131 3333 1226 3391 novo,
1237 3311 1406 3394 Hospitalis
1418 3311 1574 3393 magister,

261 3404 411 3468 Gualtero
437 3405 474 3465 de
500 3404 530 3465 S.
551 3403 685 3465 Martino
711 3402 912 3484 praedicatori
938 3403 1070 3464 breviter
1095 3418 1205 3480 narrat,
1233 3401 1441 3479 Ludovicum,
1466 3421 1573 3482 regem

262 3495 418 3571 Franciae,
444 3493 649 3573 ecaptivitate
666 3492 829 3553 liberatum
848 3497 953 3553 Accon
977 3492 1097 3554 venisse
1121 3491 1329 3570 et,·fratribus
1352 3491 1384 3551 in
1407 3491 1573 3552 Franciam

262 3584 407 3658 remissis,
431 3597 545 3644 statum
568 3582 682 3642 Terrae
700 3582 828 3642 Sanctae
854 3583 1021 3643 reformare
1047 3582 1134 3658 velle,
1160 3581 1337 3662 praesertim
1364 3600 1465 3660 quum
1491 3579 1575 3642 inter

261 3672 467 3754 Alapensium
493 3687 522 3732 et
547 3670 795 3752 Babyloniorum
826 3671 973 3733 soldanus
1005 3670 1138 3731 maxima
1170 3669 1322 3731 discordia
1348 3684 1453 3730 exorta
1479 3668 1574 3731 fuerit

262 3763 448 3840 (Matthaeus
464 3761 547 3822 Paris
565 3760 613 3838 Vl,
631 3780 660 3841 p.
681 3779 864 3840 203—204,
882 3760 942 3822 No.
966 3780 1041 3835 100;
1067 3759 1104 3822 cf.
1123 3760 1160 3839 V,
1178 3779 1208 3840 p.
1229 3779 1301 3836 202,
1321 3759 1404 3836 211).
1479 3755 1572 3819 1192

306 3878 317 3956 (
356 3923 374 3955 ,,
422 3892 491 3958 post
508 3877 619 3938 Octob.
645 3871 703 3957 17).
721 3874 969 3938 -Guillelmus
986 3876 1024 3937 de
1041 3875 1151 3936 Castro
1172 3894 1265 3952 novo,
1290 3874 1436 3954 magister
1452 3873 1571 3955 Hospi-

261 3967 340 4044 talis,
364 3965 513 4028 Gualtero
537 3966 574 4026 de
598 3966 629 4027 S.
651 3966 786 4027 Martino
810 3965 1009 4046 praedicatori
1033 3965 1165 4040 nuntiat,
1189 3984 1221 4024 se
1251 3985 1285 4030 17
1311 3964 1360 4025 die
1384 3963 1530 4024 Octobris
1555 3984 1573 4024 e

262 4077 380 4118 carcere
405 4056 650 4138 Babyloniorum
674 4055 838 4115 liberatum
863 4060 969 4115 Accon
992 4053 1112 4115 venisse
1136 4068 1165 4115 et
1188 4053 1267 4113 inter
1286 4052 1524 4114 Babilonorium
1543 4068 1575 4115 et

262 4146 487 4227 Halapensiom
501 4145 648 4205 soldanos
661 4145 826 4204 maximam
837 4144 1023 4205 discordiam
1034 4143 1136 4222 vigere
1147 4142 1332 4220 (Matthaeus
1344 4141 1436 4221 Paris,
1448 4142 1574 4203 Chron.

263 4234 333 4313 maj.
354 4236 402 4313 Vl,
419 4256 450 4317 p.
470 4253 654 4314 204—-205,
672 4235 732 4295 No.
755 4233 833 4310 101).
1481 4227 1574 4290 1193

358 4397 376 4429 ,,
423 4352 503 4412 Νον.
518 4354 568 4412 28.
579 4382 623 4394 -
634 4351 751 4426 Petrus,
769 4349 933 4431 episcopus
946 4348 1146 4425 Valeniensis,
1163 4346 1265 4426 sigillo
1280 4345 1451 4424 confirmat,
1468 4366 1574 4410 coram

263 4462 296 4502 se
305 4441 373 4522 ipso
381 4441 589 4502 Theodorum
598 4438 728 4519 ejusque
737 4439 859 4499 fratrem
867 4438 1040 4517 Georgium
1050 4438 1282 4514 Laodiceenses,
1293 4434 1372 4497 filios
1381 4436 1575 4499 Romanoldi

263 4529 413 4605 defuncti,
436 4550 468 4590 se
491 4548 610 4608 suaque
635 4528 803 4608 Hospitalis
826 4528 864 4588 de
886 4529 1027 4607 Margato
1044 4526 1186 4587 fratribus
1203 4526 1411 4607 protegendos
1427 4525 1478 4586 tali
1495 4546 1575 4588 1011-

264 4619 382 4682 ditione
399 4618 568 4695 tradidisse,
592 4633 626 4679 ut
642 4632 714 4699 post
730 4637 840 4679 eorum
857 4617 978 4678 obitum
995 4618 1033 4678 de
1050 4616 1114 4677 suis
1130 4617 1223 4677 rebus
1241 4615 1435 4676 medietatem
1452 4615 1575 4697 accipe-

264 4725 341 4785 rent,
365 4709 390 4768 si
415 4728 489 4769 vero
515 4707 627 4769 liberos
653 4706 860 4786 reliquissent,
888 4706 1019 4767 cuilebet
1042 4721 1158 4787 partem
1185 4704 1355 4784 legitimam
1381 4705 1489 4765 darent
1513 4705 1574 4767 sibi

263 4817 396 4878 aequam
412 4797 592 4870 retinentes3
611 4814 765 4878 praeterea
775 4797 913 4872 eosdem,
925 4796 1075 4875 quamdiu
1087 4795 1236 4871 viverent,
1247 4792 1390 4855 fratribus
1401 4793 1575 4874 Hospitalis

265 4888 288 4949 ll
296 4887 443 4950 bisantios
452 4886 602 4948 annuales
610 4885 807 4964 concessisse,
817 4883 942 4968 utipsos
950 4885 1119 4947 confratres
1126 4898 1341 4964 agnoscerent.
1354 4883 1574 4965 -Johannes,
