3398 5400
196 323 227 380 18
769 323 944 395 Regesta

192 546 211 588 a
232 524 385 587 comitissa
410 525 447 585 de
473 524 567 586 Roais
590 523 693 602 sigillis
718 523 911 585 confirmatas
933 524 1084 604 accepisse
1101 523 1278 605 praetendit,
1303 543 1387 604 quae
1412 541 1491 591 vero,

193 630 358 696 postquam
375 614 458 693 apud
469 613 612 695 Scatpam
622 613 641 689 ¹)
657 612 807 694 appulsus
817 629 873 690 est,
891 613 971 675 furto
983 629 1073 675 nocte
1089 613 1225 674 sublatae
1247 613 1363 674 fuerint
1380 611 1495 688 (Revue

192 705 232 765 de
254 702 384 765 l'Orient
405 703 455 763 lat.
479 702 540 780 Vll,
564 722 592 783 p.
610 703 706 780 6—9,
730 703 780 763 No
803 722 827 763 1.
860 700 908 763 Cf.
931 702 1049 763 Kohler
1072 702 1230 780 Melanges
1255 720 1339 782 pout
1361 700 1494 762 servirt

192 793 341 855 l'histoite
358 792 395 853 de
412 790 545 852 l'Orient
560 791 609 852 lat.
621 807 649 851 et
660 791 688 852 d.
707 790 869 868 croisades,
885 792 968 853 Paris
984 811 1073 870 1900,
1091 791 1111 869 l,
1128 811 1158 872 p.
1178 810 1354 870 241-249
1373 805 1404 851 et
1419 809 1495 870 quae

192 882 352 943 annotavit
370 881 453 942 idem
469 897 576 942 auctor
592 880 623 940 in
641 882 748 942 Revue
765 880 804 940 de
821 879 952 942 l'Orient
968 882 1019 942 lat.
1038 880 1100 958 Vll,
1118 900 1147 962 p.
1170 882 1261 960 1-6,
1278 880 1366 955 628).
1414 877 1496 938 2651

269 965 287 1037 ¹)
301 964 461 1035 Scarpanto
474 963 664 1035 (Karpantho)
677 962 787 1018 insula?

242 1040 515 1103 1151-(3111111
540 1041 764 1102 Armensendis
787 1040 825 1101 de
849 1041 957 1102 Castro
984 1041 1015 1101 in
1041 1042 1077 1103 l).
1104 1040 1185 1102 Cart.
1209 1040 1229 1116 l,
1253 1059 1283 1121 p.
1316 1058 1496 1119 154-155,

193 1131 254 1194 No.
277 1151 345 1210 199.
1429 1124 1497 1186 270

282 1268 298 1298 ,,
345 1219 525 1301 Raynaldus
541 1218 565 1278 ll
583 1219 621 1279 de
640 1219 788 1298 Margum,
813 1218 895 1279 filius
912 1219 1062 1301 Raynaldi
1079 1217 1256 1296 Mansoerii,
1273 1216 1406 1298 ejusque
1422 1236 1497 1278 uxor

193 1315 310 1390 Agnes,
327 1308 391 1369 lilia
401 1308 521 1369 comitis
535 1307 728 1389 Tripolitani,
745 1326 818 1368 cum
829 1307 998 1369 Guillelmo
1015 1309 1052 1369 de
1064 1308 1194 1383 Redos1)
1212 1307 1309 1368 casale
1318 1306 1496 1381 Blancuml)

194 1414 224 1459 et
239 1397 398 1459 castellum
414 1396 577 1472 Ericiuml)
601 1416 658 1477 pro
681 1396 770 1457 casali
793 1397 993 1473 Anodesim4)
1017 1412 1046 1457 et
1071 1397 1195 1458 castello
1211 1395 1398 1472 Malavans⁵)
1414 1414 1497 1456 com·

195 1502 316 1548 mutant
334 1487 386 1565 (D.
403 1485 484 1547 Cart.
503 1487 524 1564 l,
541 1506 570 1567 p.
593 1506 662 1565 155,
678 1487 738 1547 No.
756 1502 833 1558 201;
851 1487 966 1547 lnvent.
984 1508 1013 1567 p.
1035 1506 1084 1566 51,
1102 1487 1160 1547 Νο.
1176 1485 1240 1565 47).
1414 1482 1497 1544 2701

268 1572 286 1636 ¹)
301 1570 454 1640 Nusquam
468 1581 654 1624 memoratur.
727 1571 749 1639 ²)
763 1569 859 1624 Locus
872 1568 997 1641 ignotus,
1010 1569 1061 1623 sed
1075 1583 1172 1640 aperte
1186 1568 1256 1624 alius
1270 1585 1304 1623 ac
1314 1567 1408 1624 casale
1417 1568 1497 1623 blanc

195 1641 299 1711 (casale
313 1641 422 1710 album)
436 1641 545 1695 Acconi
558 1639 690 1695 vicinum.
773 1644 793 1701 ¹¹)
807 1640 883 1694 Num
897 1638 970 1695 forte
984 1639 1137 1711 ez-Zrerije
1152 1639 1300 1695 meridiem
1315 1652 1343 1694 et
1357 1639 1497 1694 orientem

193 1729 293 1768 versus
308 1713 343 1766 de
358 1712 500 1782 Margato,
514 1711 678 1767 anChirbet
691 1710 807 1766 er-Rich
820 1712 847 1766 in
862 1711 1004 1766 territorio
1019 1710 1497 1783 11111111111111111.1111113411

193 1783 216 1855 1)
228 1782 305 1839 Alias
317 1780 444 1839 Andesin
456 1794 584 1839 vocatur.
658 1784 678 1852 ¹)
692 1783 788 1838 Locus
801 1782 917 1854 ignotus
930 1782 1114 1853 (Malaicasl).

243 1859 330 1921 1152
345 1861 411 1921 Jan.
426 1893 470 1904 -
487 1860 694 1941 Raymundus
710 1860 747 1921 de
764 1859 873 1937 Podi0,
890 1861 1033 1940 magistet
1042 1858 1221 1942 Hospitalis,
1234 1858 1406 1920 Guillelmo
1416 1857 1498 1919 Mar-

193 1951 288 2027 tino)
311 1949 441 2029 ejusque
464 1949 554 2011 uxori
578 1949 676 2010 casale
699 1948 869 2010 Laodiceae
900 1948 1037 2011 vicinum
1060 1965 1089 2009 et
1119 1968 1269 2030 pascuum
1285 1949 1345 2010 sub
1361 1947 1499 2010 censuC

195 2039 397 2101 bisantiorum
414 2038 561 2119 (quorum
587 2037 807 2118 unusquisque
825 2038 953 2099 XXXIV
970 2039 1111 2100 denarios
1127 2038 1215 2114 valet)
1231 2037 1407 2098 tenendum
1425 2055 1498 2098 coa·

195 2129 274 2190 cedit
290 2128 340 2205 (l).
356 2128 438 2190 Cart.
456 2127 478 2203 l,
495 2147 524 2208 p.
546 2129 614 2205 161,
630 2129 690 2188 Νο.
708 2127 921 2204 20931nvent.
939 2147 969 2208 p.
992 2149 1041 2208 51,
1058 2128 1118 2188 Νο.
1133 2126 1197 2206 48).
1415 2124 1499 2185 2731

195 2284 221 2337 N
270 2213 347 2352 ¹233
370 2228 428 2282 quo
449 2210 516 2266 nihil
538 2223 644 2281 exstat3
668 2227 738 2264 num
761 2209 836 2266 forte
856 2210 995 2267 Martinus
1017 2211 1124 2266 Gelnus
1144 2209 1348 2281 intelligendus
1368 2223 1411 2265 est
1431 2209 1499 2280 (RH.

223 2301 279 2342 o.2
302 2301 315 2356 3
338 2325 343 2335 .

285 2407 303 2440 „
349 2358 437 2420 Febr.
459 2379 484 2437 5.
500 2391 544 2403 -
568 2357 684 2419 Charta
709 2359 847 2420 Rotberti
871 2359 910 2419 de
935 2358 1025 2420 casali
1050 2358 1079 2420 S.
1106 2357 1227 2438 Aegidii
1253 2357 1285 2418 in
1313 2359 1350 2419 D.
1373 2357 1456 2420 Cart.
1480 2356 1499 2429 l,

194 2469 224 2530 p.
246 2468 426 2528 155—157,
443 2448 503 2509 Nu.
523 2466 601 2521 2023
620 2447 657 2508 cf.
675 2467 768 2529 supra
785 2448 844 2508 Nu.
865 2468 937 2527 257.
1431 2442 1501 2505 274

195 2628 246 2688 No
274 2538 418 2703 ²„¹01qu
437 2538 486 2598 28.
516 2535 698 2597 —Charta
736 2537 869 2598 Maurini
908 2537 940 2598 in
979 2538 1015 2598 D.
1054 2536 1136 2598 Cart.
1175 2536 1196 2612 l,
1237 2555 1267 2616 p.
1315 2536 1499 2683 161-126115,

270 2711 288 2779 ¹)
302 2710 345 2764 De
359 2707 493 2764 Guidone
507 2707 641 2764 cardinali
653 2709 681 2764 in
694 2709 748 2764 hac
762 2710 859 2764 charta
873 2721 1035 2764 memorato
1050 2707 1086 2763 cl.
1100 2708 1161 2762 RK.
1174 2725 1201 2779 p.
1215 2706 1275 2762 262.

283 2832 301 2866 „
344 2819 389 2830 -
403 2785 517 2847 Charta
527 2786 637 2864 Pontii,
646 2787 763 2848 abbatis
772 2786 888 2847 Montis
898 2786 1036 2864 Thabor,
1047 2786 1079 2846 in
1088 2784 1215 2846 D.Catt.
1224 2784 1259 2857 11,
1268 2804 1298 2865 p.
1311 2803 1374 2864 903
1383 2803 1498 2862 -904.

196 2877 256 2937 No.
279 2896 325 3044 2¹·
344 2965 516 3027 -Charta
532 2963 676 3042 Mauritii,
700 2964 819 3026 domini
836 2965 950 3026 Montis
967 2964 1099 3045 Regalis,
1123 2962 1155 3023 in
1180 2963 1217 3023 D.
1234 2963 1316 3024 Cart.
1334 2962 1356 3041 l,
1374 2983 1405 3044 p.
1430 2869 1501 3037 126ἵοῖ

196 3055 256 3116 No'
275 3073 388 3220 10Ίὲ-
405 3142 571 3224 Hospitalis
587 3142 731 3222 magtster
747 3142 955 3224 Raymundus
977 3143 1015 3203 ae
1040 3141 1228 3203 podiorum
1244 3049 1501 3218 1111111111ἶέ

195 3231 321 3311 Rogerii
337 3232 483 3306 Bathnos,
501 3233 538 3292 de
555 3231 632 3312 petia
649 3248 725 3292 terra
743 3251 839 3314 prope
855 3232 1004 3292 Emmaus
1020 3231 1085 3304 sita,
1112 3229 1284 3306 1011111111)
1310 3230 1357 3307 (ὓ.
1374 3229 1459 3292 Cart.
1477 3229 1498 3304 l,

196 3340 226 3402 p.
250 3322 318 3395 161,
336 3321 396 3381 Νο.
417 3324 494 3394 108;
513 3321 628 3381 Invent.
646 3339 675 3401 p.
696 3341 834 3402 51-51,
851 3322 911 3382 Νο.
930 3322 992 3400 49).
1416 3316 1501 3378 2801

272 3405 289 3472 ¹)
303 3404 346 3458 De
360 3402 490 3474 personis
504 3417 532 3458 et
545 3421 575 3457 re
587 3403 656 3459 nihil
668 3404 781 3459 scimus.

243 3479 411 3541 11531111.
431 3501 540 3558 19-
556 3481 716 3561 Eugenius
732 3481 769 3541 lll
787 3480 973 3563 Raymundo
991 3481 1029 3541 de
1040 3480 1138 3542 Podio
1155 3479 1302 3559 magistro
1319 3480 1428 3540 omnia
1439 3479 1499 3561 pri-

194 3569 302 3650 vilegia
319 3571 356 3629 ab
373 3570 615 3630 antecessoribus
640 3571 703 3631 suis
719 3570 873 3652 Hospitali
889 3589 1033 3631 concessa
1051 3568 1213 3630 coufirmat
1228 3567 1362 3649 ejusque
1380 3588 1501 3650 posses·

195 3658 299 3720 aiones
315 3662 372 3720 sub
395 3659 481 3720 Sedis
497 3658 693 3739 Apostolicae
715 3660 937 3741 protectionem
960 3659 1096 3740 suscipit,
1119 3677 1254 3738 quarum
1279 3658 1501 3719 transmarinas

195 3764 370 3810 enumerat:
391 3748 442 3808 »in
459 3748 596 3829 partibus
612 3748 725 3809 scilicet
741 3748 875 3810 Orientis
892 3747 1067 3809 Beccialaba
1091 3767 1163 3808 cum
1180 3747 1327 3809 omnibus
1344 3748 1501 3828 pertiuen-

195 3837 251 3909 tiis,
267 3837 410 3913 Belforte,
427 3836 584 3897 castellum
608 3837 755 3915 Bovouis,
780 3839 923 3908 Ramora,
946 3836 1054 3910 Gialla,
1078 3836 1215 3913 Mirabel,
1239 3835 1406 3918 Treponti,
1422 3838 1501 3898 Beu-

194 3927 348 4007 guaraito,
364 3926 555 4002 Boffavento,
578 3926 794 4000 Calemthone,
819 3926 952 4005 Calosia,
969 3928 1062 3999 caca,
1085 3926 1295 3986 obedientiam
1311 3926 1352 3986 de
1368 3926 1502 3991 Cesatia.

195 4014 336 4092 Altafiad,
361 4014 569 4076 obedientiam
591 4015 629 4076 de
655 4013 768 4095 Napoli
792 4031 821 4076 et
845 4015 945 4093 Delin,
961 4014 1143 4076 Calamarda
1160 4031 1188 4076 et
1203 4014 1301 4076 casale
1325 4016 1365 4076 de
1383 4017 1501 4087 Monte,

195 4106 286 4186 Nayn
303 4120 332 4164 et
347 4104 479 4166 Tabaria
496 4124 567 4165 cum
585 4105 731 4165 omnibus
754 4105 943 4184 pertinentiis
966 4105 1030 4165 suis
1056 4120 1085 4164 et
1110 4105 1315 4165 obedientiam
1339 4104 1379 4165 de
1396 4103 1501 4186 Cayla,

194 4195 233 4255 de
249 4193 320 4253 Acri
338 4209 366 4253 et
382 4192 519 4271 Gibessa,
544 4194 680 4267 Cozetto,
704 4193 782 4274 Syri,
799 4192 900 4271 Saetti,
924 4195 1038 4270 Baruti,
1053 4193 1182 4275 Tripoli,
1199 4194 1306 4255 Monte
1323 4194 1502 4275 Peregrino,

195 4283 275 4349 Arci.
292 4283 400 4357 Coliat,
416 4283 543 4345 Rafania
560 4303 631 4343 cum
648 4282 795 4343 omnibus
812 4283 1011 4365 pertinentiis,
1034 4303 1111 4363 quas
1128 4283 1218 4344 habet
1234 4283 1267 4343 in
1283 4298 1365 4343 terra
1381 4284 1502 4345 comitis

195 4373 234 4433 de
244 4370 373 4451 Tripoli,
390 4371 574 4451 Stamborgo
592 4388 620 4432 et
637 4371 828 4432 obedientias
844 4373 882 4433 de
893 4372 1067 4449 Antiochia,
1084 4378 1161 4433 Assa
1178 4388 1208 4433 et
1224 4371 1332 4434 Femia
1348 4391 1502 4434 cumom-

196 4461 288 4520 nibus
304 4460 494 4540 pertinentiis
510 4461 635 4538 suist.)
653 4461 773 4522 Deinde
789 4476 878 4539 vetat,
896 4462 1057 4543 episcopos
1074 4461 1105 4523 in
1121 4462 1254 4522 ecclesiis
1265 4461 1440 4542 Hospitalis
1456 4463 1502 4524 in·

196 4549 358 4609 terdictum
375 4551 421 4610 vel
439 4551 791 4610 excommunicationem
809 4551 1005 4632 promulgare
1029 4566 1058 4611 et
1080 4551 1222 4611 fratribus
1247 4551 1403 4630 concedit,
1419 4568 1463 4629 ut,
1478 4551 1503 4612 si

197 4637 391 4698 interdictum
404 4639 502 4714 fuerit,
523 4638 671 4700 »exclusis
687 4639 771 4700 laicis
788 4640 897 4700 clausis
914 4639 1013 4719 januis
1030 4643 1146 4720 absque
1156 4640 1318 4720 signorum
1329 4642 1504 4722 pulsatione

273 4780 290 4845 ¹)
305 4774 349 4830 Cf.
364 4793 437 4847 quae
452 4777 487 4830 de
500 4775 554 4855 hac
568 4775 665 4830 charta
680 4774 865 4830 disseruimus
878 4775 907 4830 in
921 4776 1031 4830 ZDPV.
1050 4776 1124 4848 1895,
1135 4777 1233 4848 XVlll,
1242 4794 1270 4848 p.
1281 4776 1401 4851 84—85.
1412 4780 1504 4835 Stant·

198 4846 292 4916 borgo
306 4860 403 4917 aperte
417 4860 460 4901 est
473 4847 647 4917 Crsemburg
660 4847 890 4917 (Tell-rambur).
