3398 5400
274 371 316 431 74
834 348 1009 421 Regesta

322 563 412 625 1154
430 565 501 644 Mai.
525 589 572 641 to,
598 567 661 629 iud.
681 568 714 629 ll.
746 570 928 631 Antiochiae
951 569 982 630 iu
1007 569 1119 651 palatio
1142 569 1297 652 principis.
1320 605 1364 614 -
1387 569 1579 651 Rayualdus‚

274 655 417 737 princeps
442 658 723 732 antiochenorum,
749 679 820 719 cum
847 659 1028 720 Constantia
1054 679 1148 720 uxore
1178 660 1322 721 ecclesiae
1355 660 1385 721 S.
1409 659 1524 721 Mariae
1550 675 1581 721 et

273 745 505 828 archiepiscopo
522 747 648 808 Pisanae
664 747 801 823 civitatis,
827 749 1008 810 consulibus
1024 769 1058 809 ac
1074 748 1266 810 senatoribus
1283 765 1312 810 et
1328 749 1502 827 communi,
1520 769 1579 831 po-

273 833 350 914 pulo
375 850 435 895 tam
462 835 493 895 in
518 836 625 897 Pisana
649 836 806 917 provincia
831 857 925 919 quam
952 838 984 898 in
1010 839 1204 900 Antiochena
1229 838 1397 900 constituto
1422 855 1451 899 et
1476 838 1579 918 legato

272 924 397 985 Butatae
413 925 432 1002 ¹)
449 940 559 986 terram
576 926 614 987 ad
631 928 870 987 construendam
887 928 1019 989 domum
1037 927 1068 987 in
1085 945 1176 1008 portu
1193 928 1374 1004 Laodiceae,
1399 947 1479 1008 quae
1499 944 1580 988 terra

273 1013 447 1074 extenditur
471 1016 579 1076 subtus
603 1015 762 1076 ecclesiam
788 1016 819 1078 S.
845 1015 979 1097 Helyae,
1005 1017 1118 1077 scilicet
1143 1034 1212 1077 ante
1239 1018 1371 1078 domum
1397 1016 1524 1098 Templi
1550 1033 1580 1077 et

273 1101 404 1163 domum
422 1103 555 1182 magistri
574 1104 694 1183 Ugonis
711 1124 810 1185 usque
826 1106 863 1165 ad
882 1125 975 1183 mare,
991 1106 1077 1186 quod
1095 1123 1200 1167 contra
1216 1122 1270 1183 est,
1288 1122 1317 1166 et
1333 1106 1508 1167 extenditur
1524 1126 1581 1186 per

272 1191 344 1251 litus
361 1192 562 1273 marisusque
573 1194 610 1254 ad
623 1196 780 1273 quandam
796 1195 944 1255 teneriam
962 1212 991 1256 et
1007 1215 1133 1256 murum
1150 1194 1312 1275 antiquum
1331 1212 1360 1256 et
1376 1194 1579 1277 insuperiori

273 1296 356 1361 parte
374 1301 472 1363 usque
489 1284 526 1343 ad
545 1282 704 1361 fossatum,
721 1282 822 1362 sigillo
839 1284 995 1359 comedin
1020 1284 1135 1346 sivero
1152 1283 1267 1362 judicio
1284 1285 1384 1345 curiae
1401 1301 1512 1346 terram
1530 1305 1579 1345 re-

273 1389 418 1451 cuperare
436 1388 570 1452 possent,
588 1391 683 1451 quam
699 1373 731 1433 in
749 1373 904 1453 praedicto
921 1388 1013 1454 portu
1031 1373 1210 1435 Willelmus
1226 1374 1406 1435 Embriacus
1429 1373 1577 1455 possidet,

274 1458 305 1519 in
323 1459 454 1541 propriis
470 1461 578 1521 usibus
595 1461 742 1542 principis
758 1478 867 1522 terram
885 1463 1028 1544 superius
1045 1464 1145 1524 datam
1163 1462 1329 1524 redituram
1347 1484 1422 1524 esse.
1448 1464 1581 1543 lusuper

273 1549 368 1609 donat
383 1550 515 1611 domum
533 1550 564 1611 in
581 1550 700 1613 civitate
711 1552 915 1627 Antiocheno,
932 1572 1012 1632 quae
1030 1552 1086 1613 fuit
1102 1551 1247 1613 dominae
1258 1552 1372 1613 Odone
1383 1553 1422 1613 de
1432 1552 1531 1634 Tyr0,
1548 1567 1579 1613 et

273 1657 327 1719 per
350 1655 449 1698 totum
474 1639 679 1721 principatum
704 1640 899 1702 medietatem
922 1641 1016 1702 totius
1039 1640 1122 1719 juris,
1140 1643 1226 1721 quod
1246 1661 1299 1722 per
1315 1642 1578 1703 consuetudinem

272 1726 417 1788 intrando
429 1726 476 1788 vel
491 1729 644 1806 exeundo,
662 1730 797 1791 emendo
814 1729 862 1791 vel
877 1731 1043 1791 vendendo
1060 1733 1182 1806 dabant,
1200 1751 1317 1811 eosque
1333 1751 1365 1791 se
1382 1731 1458 1792 velle
1469 1730 1578 1792 defeu-

273 1816 344 1876 dere
368 1816 546 1897 pollicetur;
571 1818 709 1880 similiter
733 1818 927 1898 naufragium
953 1840 1059 1901 passos
1082 1836 1112 1881 et
1132 1820 1164 1880 iu
1181 1821 1354 1901 principatu
1379 1836 1578 1880 mortuorum

273 1926 367 1966 resse
385 1922 596 1987 protecturum
607 1929 682 1969 esse.
708 1908 739 1969 Si
755 1908 1044 1989 intersequerelam
1055 1911 1212 1987 haberent,
1225 1907 1306 1985 juxta
1324 1928 1379 1970 sua
1396 1925 1506 1970 statuta
1524 1928 1579 1970 eos

273 1996 456 2073 tractandos,
480 2012 510 2058 et
525 1997 551 2056 si
567 1998 606 2058 de
623 1997 770 2078 principis
786 1996 834 2058 vel
850 2018 960 2059 eorum
978 1999 1159 2059 hominibus
1176 1997 1301 2078 querela
1319 1998 1419 2076 luerit,
1444 1999 1476 2059 in
1493 1998 1579 2058 curia

272 2082 411 2160 ejusdem
428 2085 601 2147 audiendos
618 2107 683 2147 esse
700 2085 839 2148 declarat.
857 2121 901 2130 -
917 2087 1054 2149 Garento
1071 2089 1109 2148 de
1125 2087 1237 2160 Saona,
1249 2088 1391 2150 Galterus
1408 2088 1446 2148 de
1461 2087 1578 2149 Surda-

273 2172 360 2246 valle,
378 2174 547 2236 Gaufridus
564 2175 818 2255 constabularius,
843 2176 991 2238 domiuus
1008 2177 1199 2250 Leonardus,
1227 2177 1291 2238 Leo
1316 2175 1481 2258 Majopolis
1502 2178 1577 2254 dux,

274 2263 424 2324 Martinus
441 2265 479 2325 de
497 2265 647 2343 Margaht,
659 2266 826 2326 Amandus
837 2267 875 2327 de
886 2265 1061 2340 Cafatdam,
1072 2267 1226 2328 Robettus
1241 2268 1279 2327 de
1297 2264 1487 2341 Surdavalle,
1505 2266 1578 2345 Ugo

273 2352 310 2412 de
327 2351 449 2424 Volera,
475 2352 658 2415 lsenbardns
679 2355 717 2415 de
734 2355 845 2432 Leuni,
873 2355 978 2416 Petrus
995 2357 1033 2416 de
1049 2357 1210 2417 Juvenaht.
1236 2356 1349 2416 Datum
1373 2375 1427 2436 per
1447 2374 1577 2415 manum

272 2440 424 2517 Gaufridi,
442 2442 611 2503 cancellarii
630 2443 777 2524 principis
794 2444 841 2521 (G.
854 2444 977 2520 Muller,
995 2465 1024 2526 p.
1037 2446 1067 2520 6,
1086 2446 1178 2525 N0.4
1196 2442 1243 2523 [cl.
1256 2465 1285 2526 p.
1300 2442 1500 2526 370-375];
1519 2442 1577 2505 Dal

271 2530 384 2610 Borgo,
401 2552 430 2612 p.
444 2533 591 2606 86-87;
608 2533 736 2604 Trunci,
748 2533 900 2595 Memorie
915 2533 1057 2612 storiche,
1073 2554 1103 2615 p.
1115 2536 1167 2606 88,
1184 2533 1298 2595 Annal.
1316 2534 1416 2595 Pisani
1433 2534 1454 2608 l,
1472 2553 1502 2614 p.
1515 2535 1580 2613 264

275 2621 394 2699 -2653
413 2620 538 2700 Ughelli
555 2622 601 2700 lll,
619 2642 648 2703 p.
667 2624 745 2703 3983
762 2622 800 2684 cf.
816 2624 964 2684 Archives
982 2625 1011 2684 d.
1029 2623 1111 2684 miss.
1128 2624 1269 2699 scientis,
1291 2643 1320 2704 p.
1340 2623 1423 2703 352).
1507 2620 1579 2682 292

347 2723 365 2790 ¹)
386 2721 441 2791 Qui
455 2741 540 2794 supra
553 2724 620 2792 (Νο.
630 2725 693 2797 289)
707 2736 827 2780 vocatur
839 2723 985 2780 Rainerius
1000 2725 1180 2795 Bottaccius3
1201 2725 1235 2781 cf.
1250 2725 1333 2797 Heyd
1348 2726 1367 2795 1,
1380 2743 1407 2796 p.
1423 2744 1482 2799 393.

353 2879 372 2910 ,‚
417 2835 476 2896 Jul.
497 2855 547 2916 30,
573 2835 637 2897 ind.
655 2836 689 2897 ll.
720 2842 838 2898 Accon.
856 2836 1088 2897 —Balduinus
1114 2838 1160 2913 lll,
1187 2857 1239 2897 rex
1265 2835 1579 2917 Hierosolymitanus,

271 2943 428 2985 consensu
440 2925 613 2986 Milisendis
630 2926 743 3000 matris,
760 2945 967 3006 quaecuuque
980 2926 1139 3007 Hospitale
1157 2945 1299 3006 unquam
1310 2926 1395 2986 dono
1412 2941 1579 3006 acceperat,

271 3012 413 3074 concedit
428 3029 457 3074 et
473 3012 575 3092 sigillo
591 3013 769 3076 confirmat:
787 3014 900 3075 scilicet
916 3016 1036 3076 donum
1055 3016 1142 3076 ducis
1157 3014 1340 3089 Godofredi,
1356 3015 1442 3094 quod
1455 3013 1524 3075 fecit
1541 3015 1579 3075 de

272 3101 360 3163 casali
378 3103 510 3163 Hessilia
526 3118 556 3164 et
572 3103 596 3163 ll
618 3103 716 3165 furnis
739 3104 770 3164 in
795 3104 912 3165 civitate
935 3104 1137 3175 Jherusalem,
1156 3105 1268 3165 deinde
1285 3105 1368 3164 dona
1392 3103 1537 3164 Balduini
1555 3104 1578 3181 l,

273 3192 386 3252 scilicet
402 3191 511 3253 casalia
527 3192 689 3254 Bethafava
706 3208 735 3253 et
753 3193 902 3270 Moitana,
910 3194 930 3271 ¹)
947 3213 1018 3254 cum
1037 3194 1122 3255 terris
1139 3214 1173 3254 ac
1189 3194 1336 3255 domibus
1354 3208 1481 3253 extract
1498 3191 1577 3253 iutra

272 3268 388 3343 Urbem
400 3280 553 3357 Sanctam,
563 3281 689 3342 hortum
702 3282 830 3343 Anfredi
843 3284 1022 3364 presbyteri,
1035 3303 1135 3343 unum
1147 3283 1272 3343 divitem
1287 3283 1435 3342 villanum
1447 3280 1581 3362 Neapoli

272 3386 445 3431 morantem
476 3388 505 3432 et
530 3372 642 3432 domos
668 3369 807 3448 ejusdem
832 3371 919 3432 villae
943 3392 1014 3432 cum
1040 3372 1223 3433 molendino
1247 3387 1276 3432 et
1301 3374 1423 3431 bonum
1449 3370 1579 3431 furnum

271 3460 472 3541 Joppensem,
490 3461 604 3522 domus
620 3475 649 3520 et
665 3476 758 3520 terras
774 3459 913 3538 ejusdem
931 3460 1058 3521 civitatis
1075 3476 1105 3521 et
1122 3461 1205 3522 urbis
1216 3467 1333 3535 Accon,
1351 3458 1464 3520 deinde
1481 3459 1579 3521 casale

272 3549 388 3627 Sussia,
405 3550 492 3629 quod
510 3549 595 3610 dedit
611 3549 788 3611 Gualterius
805 3550 982 3624 Basumeth,
1000 3550 1165 3627 Bethamis‚
1183 3551 1271 3631 qnod
1288 3550 1372 3610 dedit
1389 3548 1580 3625 Vicecomes,

272 3639 367 3699 casale
385 3639 497 3700 Melius
514 3639 546 3699 in
563 3638 716 3700 territorio
726 3639 956 3715 Ascalonitano,
967 3640 1053 3719 quod
1071 3640 1153 3700 dedit
1171 3641 1266 3718 Hugo
1284 3640 1320 3699 de
1339 3639 1464 3713 Puzath,
1482 3638 1578 3716 aliud,

272 3729 358 3808 quod
376 3728 459 3789 dedit
475 3727 644 3789 Anselmus
664 3729 702 3789 de
719 3728 820 3790 Turre
837 3728 936 3789 David
955 3729 986 3789 in
1003 3744 1081 3789 terra
1098 3729 1135 3790 de
1152 3736 1253 3790 Azoto
1270 3748 1368 3809 prope
1386 3727 1578 3805 molendina,

271 3817 366 3893 aliud,
378 3819 464 3899 quod
477 3818 561 3878 dedit
571 3817 755 3878 Eustachius
772 3818 803 3878 in
820 3817 973 3879 territorio
984 3818 1186 3895 Caesariensi,
1198 3834 1354 3897 terrasque
1366 3815 1447 3893 juxta
1460 3817 1578 3894 Cach0,

272 3925 350 3987 quas
374 3906 437 3987 ipse
455 3908 548 3984 dedit,
575 3923 603 3966 et
630 3906 769 3983 villanos,
794 3926 874 3987 quos
899 3905 1037 3983 ejusdem
1062 3907 1173 3968 milites
1196 3908 1358 3979 dederuut,
1384 3906 1456 3966 item
1481 3905 1579 3967 casale

273 3996 455 4057 l)irberham
481 3997 606 4056 interra
624 3997 661 4057 de
679 3996 785 4069 Soeth‚
812 3996 899 4076 quod
924 3997 1007 4057 dedit
1030 3997 1136 4058 Petrus
1160 3997 1313 4071 delens,
1340 3996 1579 4076 Capharmazre,

272 4087 357 4166 quod
376 4086 459 4145 dedit
470 4085 621 4146 Arnulfus
638 4085 838 4159 Loferencus,
855 4102 948 4145 terras
964 4101 993 4146 et
1010 4085 1151 4158 villanos,
1169 4106 1249 4166 quos
1266 4086 1420 4146 dederunt
1437 4085 1532 4163 Hugo
1550 4099 1580 4146 et

272 4175 437 4237 Gervasius
462 4174 645 4250 Tiberiadis,
670 4175 706 4235 ΙΙΙ
731 4175 870 4248 villanos,
895 4194 976 4254 quos
1001 4175 1085 4237 dedit
1110 4175 1274 4257 episcopus
1300 4176 1489 4251 Nazarenus,
1513 4172 1578 4234 sin-

271 4264 372 4342 gulos,
399 4283 480 4344 quos
506 4265 659 4325 dederunt
685 4264 826 4343 Pagauus
850 4264 957 4336 Vacca,
984 4265 1102 4342 Drog0,
1129 4264 1324 4337 Dominicus,
1352 4262 1514 4325 Girbertus
1540 4264 1579 4325 de

272 4352 393 4428 Salinis,
420 4353 561 4432 Paganus
587 4354 625 4414 de
650 4353 784 4434 Caiphas
810 4373 882 4414 cum
908 4354 993 4414 terris
1017 4370 1045 4414 et
1069 4355 1216 4414 domibus
1241 4354 1273 4414 in
1300 4351 1369 4413 villa
1393 4351 1528 4432 Caiphas
1549 4367 1580 4413 et

272 4443 504 4523 Caphatnaum,
528 4444 692 4504 Romanus
709 4444 746 4503 de
764 4443 872 4513 Podi0,
895 4443 1067 4504 Balduiuus
1084 4443 1276 4504 Ramatensis
1293 4460 1364 4503 cum
1383 4440 1530 4502 domibus
1549 4458 1579 4502 et

272 4532 358 4592 terris
375 4531 488 4592 invilla
505 4533 656 4593 antedicta
673 4546 702 4593 et
719 4531 866 4592 domibus
882 4534 920 4592 ab
937 4532 1085 4612 episcopo
1096 4532 1254 4612 Lyddensi
1273 4533 1304 4592 in
1322 4530 1391 4590 villa
1409 4530 1439 4591 S.
1449 4531 1577 4610 Georgii

272 4621 359 4700 datis,
377 4622 473 4698 Hugo
497 4622 528 4682 in
553 4622 683 4697 Bethan,
708 4623 812 4683 Rovns
830 4622 861 4682 in
879 4622 989 4698 Roma,
1011 4621 1089 4682 Azio
1106 4623 1144 4682 de
1161 4622 1282 4683 Cirseth
1300 4637 1328 4681 et
1346 4621 1380 4694 ll,
1397 4639 1478 4699 quos
1494 4620 1580 4682 dedit

272 4710 489 4772 Gaudemarus
506 4711 712 4790 Carpellinus,
736 4709 850 4771 scilicet
875 4730 974 4771 unum
993 4712 1076 4791 apud
1101 4710 1142 4771 St.
1162 4711 1328 4781 Abraham,
1346 4708 1475 4769 alterum
1494 4711 1579 4790 apud

272 4799 432 4862 Hiericho.
459 4801 616 4861 Praeterea
632 4801 774 4861 concedit
790 4801 829 4863 lV
847 4815 946 4881 partes
963 4815 1058 4860 terrae
1075 4800 1108 4860 in
1125 4800 1278 4860 territorio
1289 4797 1578 4879 Hierosolymitano

272 4889 384 4951 scilicet
408 4889 440 4950 in
463 4890 534 4951 loco
557 4889 732 4970 Reccafaba,
749 4910 826 4971 quas
847 4888 1038 4952 Godelridus
1062 4890 1099 4950 de
1123 4889 1270 4950 Parentea
1293 4888 1387 4966 dedit,
1405 4903 1434 4948 et
1450 4888 1578 4950 hortum
