3398 5400
616 341 696 417 regni
709 341 971 418 Hierosolymitani.
1386 370 1446 431 275

1208 437 1449 448 *—

192 562 281 623 1234
297 565 363 626 Jan.
387 585 434 643 12,
461 566 524 627 ind.
544 565 593 627 Vl.
628 567 753 647 Caphae
777 565 809 626 in
833 565 901 627 aula
925 564 1045 626 domini
1069 565 1106 627 R.
1133 599 1173 607 -
1198 565 1374 642 Rlohardas
1398 565 1450 642 ΙΙΙ,

143 653 293 715 dominas
309 656 444 736 Caphae,
463 655 496 717 in
513 656 604 735 plena
620 656 703 717 curia
723 656 932 716 Janaensibus
948 675 1003 735 per
1019 674 1149 716 manum
1174 656 1252 716 Petri
1270 656 1308 716 de
1327 655 1405 716 Mari
1422 671 1451 716 et

143 742 291 804 Picamilii
303 745 470 806 consulum
481 744 615 806 liberum
626 745 850 805 commercium
866 764 900 804 ac
915 744 1108 805 securitatem
1119 744 1152 805 itt
1162 760 1227 805 toto
1238 763 1297 805 sao
1308 744 1452 806 dominio

143 832 314 895 confirmat.
333 866 376 877 -
398 834 571 895 Baldainas
595 835 632 894 de
659 833 902 912 Montegisardo,
930 833 1039 894 Daniel
1063 834 1100 894 de
1125 834 1310 894 Molenbech
1337 832 1451 911 iunior,

144 921 344 984 Guillielmus
360 922 489 999 Carcail,
507 921 679 983 Rainaldus
696 921 826 1000 juvenis,
846 923 1028 1002 Matthaeus,
1048 923 1218 983 vicecomes
1230 923 1366 1004 Caphae,
1379 922 1451 1001 Ugo

145 1011 313 1090 Dauzarre,
324 1012 466 1073 Thomas
483 1012 521 1072 de
538 1012 657 1090 Gaiae,
670 1012 836 1073 Conradus
853 1012 1020 1090 Porcellus,
1038 1011 1158 1093 Symon
1177 1013 1347 1090 Panzanus,
1364 1012 1451 1073 Jaco-

144 1102 202 1161 bas
213 1101 251 1162 de
262 1100 410 1178 levant0,
424 1101 623 1162 Guillielmus
635 1101 762 1162 Henrici
779 1101 943 1182 drapperii,
961 1101 1105 1179 magister
1116 1100 1291 1181 Stephanus
1303 1101 1451 1162 notarius.

144 1222 186 1232 —
204 1190 310 1250 Petrus
322 1191 400 1251 Petri
412 1189 484 1251 Rufi
502 1190 639 1252 notarius
655 1190 775 1271 scripsit
785 1189 887 1267 (Liber
897 1188 1014 1268 jurium
1025 1191 1045 1267 Ι,
1058 1210 1087 1271 p.
1101 1210 1287 1270 941—942,
1300 1191 1360 1251 No.
1372 1192 1451 1265 7183

144 1278 232 1338 Serra
248 1277 297 1356 IV,
315 1298 344 1359 p.
368 1300 555 1359 141—142;
581 1279 619 1340 cf.
638 1279 777 1354 Olivieri,
795 1299 824 1360 p.
843 1280 894 1357 60,
911 1280 969 1340 N0.
989 1278 1036 1355 Ill,
1054 1288 1068 1348 s
1085 1279 1127 1358 4).
1363 1276 1453 1338 1050

226 1431 244 1463 „
292 1387 381 1447 Mart.
396 1407 446 1447 22.
464 1387 640 1448 Caesareae.
652 1421 695 1430 -
712 1386 853 1463 Mettus),
870 1385 1077 1447 Caesariensis
1093 1385 1270 1466 episcopias
1287 1385 1360 1465 (sic),
1378 1405 1453 1447 con-

145 1494 238 1536 sensa
262 1475 387 1557 capituli
412 1474 565 1536 Rainaldo
589 1476 626 1536 de
651 1476 746 1552 Flori,
771 1475 898 1536 fratrum
923 1475 954 1536 S.
972 1474 1076 1536 Lazari
1100 1475 1257 1554 magistro,
1275 1475 1407 1536 domam
1425 1491 1454 1536 et

145 1563 305 1624 ecclesiam
322 1565 360 1625 de
372 1564 547 1645 Painperda
564 1566 583 1640 ¹)
601 1585 672 1626 curn
691 1564 882 1646 pertinentiis
899 1583 933 1624 ea
950 1564 1131 1626 conditione
1148 1563 1290 1626 concedit
1306 1581 1335 1626 et
1351 1563 1453 1644 sigillo

145 1651 316 1730 confirmat,
341 1669 384 1731 ut,
402 1654 584 1735 quicunqne
602 1653 712 1715 domui
734 1669 762 1714 et
788 1654 932 1714 ecclesiae
959 1654 1046 1714 dictis
1070 1653 1191 1735 praesit,
1215 1654 1304 1715 Petro
1324 1652 1453 1734 ejusque

144 1741 374 1804 successoribus
397 1743 606 1804 obedientiam
631 1742 717 1803 faciat
740 1759 769 1802 et
786 1743 851 1803 Vlll
875 1760 980 1803 cereos
1004 1742 1043 1804 lV
1059 1743 1232 1804 rotularam
1256 1743 1288 1803 in
1311 1743 1454 1804 cathedra

145 1830 473 1999 lSJ.l³etri)Caesariensi
491 1833 652 1893 annuatim
669 1832 775 1892 reddat
792 1831 950 1909 (Arcltives
967 1832 1005 1892 de
1022 1832 1154 1892 l'Orient
1170 1831 1452 1980 latinllss,p.lg)5541,

176 1940 205 1981 0.
226 1940 286 2000 37.

188 2095 198 2137 t
221 2013 335 2152 ¹)6)lnter
349 2013 522 2067 Caesaream
536 2025 563 2067 et
577 2012 711 2067 Castrum
726 2011 944 2083 peregrinorum
959 2013 1154 2083 quaerendam
1169 2013 1292 2081 (lllPV.
1303 2013 1337 2082 Χ,
1351 2031 1377 2084 p.
1393 2013 1454 2086 278,

146 2100 206 2138 no.
225 2102 232 2138 r
270 2125 276 2137 .

227 2225 246 2256 „
293 2179 391 2261 April.
415 2201 462 2257 17,
488 2179 551 2240 ind.
570 2179 633 2240 Vll.
660 2179 812 2240 Massiliae
830 2178 860 2239 in
878 2177 947 2239 aula
963 2178 1052 2239 viridi
1076 2178 1177 2261 palatii
1195 2181 1392 2242 Communis.
1410 2214 1454 2224 -

147 2269 389 2329 Communiratis
401 2268 552 2330 Massiliae
569 2269 716 2349 syndicus
728 2269 824 2347 Hago
836 2267 983 2329 Vivaldus
993 2287 1149 2330 consensu
1165 2270 1316 2350 generalis
1332 2269 1455 2330 consilii

148 2358 410 2440 compositionem
427 2377 520 2439 supra
537 2358 689 2419 laudatam
707 2359 777 2435 (No.
796 2358 886 2436 1046)
904 2356 1074 2418 confirmat.
1094 2392 1137 2403 —
1154 2358 1288 2419 Fratres:
1311 2360 1453 2420 Bertran-

146 2446 205 2507 das
231 2447 269 2508 de
297 2448 405 2524 Coms,
432 2447 517 2529 prior
542 2447 572 2509 S.
591 2446 750 2526 Aegiaiiss)
782 2446 950 2507 Arnaadas
976 2445 1014 2507 de
1041 2447 1191 2523 Miserata,
1217 2450 1454 2510 commendator

149 2535 319 2618 Hospitalis
346 2537 376 2598 S.
395 2536 526 2614 Aegidii,
560 2536 689 2597 Pontias
721 2536 900 2613 Bernardi0,
934 2551 1113 2617 praeceptor
1143 2537 1257 2597 domus
1290 2536 1452 2615 Massiliae,

147 2625 336 2688 Guillelmas
353 2627 390 2687 de
406 2625 560 2701 Valentia,
578 2626 814 2686 commendator
831 2625 966 2703 naviam,
984 2624 1141 2686 Giraadus
1158 2626 1337 2701 Pittavinns,
1354 2646 1453 2688 sacer-

148 2715 205 2775 dos
216 2715 337 2795 prioris,
349 2715 534 2788 Bernardas,
553 2715 696 2775 sacerdos
713 2714 1010 2790 comitisTholosae,
1028 2715 1099 2793 Ugo
1115 2715 1153 2775 de
1165 2714 1278 2791 Lacca,
1290 2735 1452 2777 commen-

147 2804 236 2864 dator
258 2805 373 2865 domus
397 2805 434 2865 de
458 2803 578 2882 Bailles,
602 2803 790 2866 Guillelmas
813 2804 851 2863 de
875 2801 1083 2883 Capmeillier,
1108 2805 1344 2866 commendator
1366 2805 1452 2865 navis
1503 2844 1507 2852 ·

147 2892 284 2974 Templi,
295 2894 508 2969 Bosmandus,
527 2894 643 2970 Petras,
660 2894 895 2953 commendator
911 2892 1026 2954 domus
1042 2893 1080 2953 de
1098 2893 1211 2970 Fossis,
1229 2895 1312 2955 etde
1329 2895 1450 2955 ceteris:

149 2983 279 3044 Pontius
295 2983 486 3059 Astoaudus,
511 2982 664 3064 Sycardus
680 2982 884 3059 Alamannus,
909 2981 1044 3043 Poncius
1060 2982 1098 3042 de
1115 2983 1282 3063 Bosquem,
1299 2983 1452 3065 Sycardns

148 3071 186 3132 de
211 3072 408 3148 Miramonte,
435 3072 579 3151 magister
602 3071 790 3132 Bertrandus
813 3071 851 3131 de
875 3071 1075 3149 Comdomi0‚
1100 3073 1269 3133 Amandus
1291 3073 1451 3152 Johannis,

147 3161 304 3221 lohannes
321 3161 359 3222 de
376 3161 498 3235 Lantar,
517 3161 695 3238 Rostagnus
712 3160 750 3220 de
768 3160 867 3221 Podio
890 3160 952 3220 alto
975 3176 1004 3220 et
1020 3160 1123 3241 plnres
1140 3161 1200 3222 alii.
1213 3197 1253 3204 -
1266 3162 1452 3224 Guillelmas

151 3248 300 3328 Ymberti,
317 3249 462 3331 publicus
480 3251 629 3324 notarius,
655 3250 801 3310 mandato
818 3249 889 3310 dicti
906 3249 1026 3331 syndici
1043 3267 1154 3311 cartam
1172 3250 1291 3332 scripsit
1307 3269 1335 3312 et
1351 3251 1452 3332 sigillo

150 3338 302 3400 Massiliae
319 3339 525 3400 communivit
542 3339 636 3415 (Paoli
654 3339 675 3416 Ι,
693 3359 722 3420 p.
746 3358 939 3418 125—127,
956 3339 1017 3400 N0.
1041 3339 1116 3415 1163
1141 3340 1179 3401 cl.
1197 3359 1226 3421 p.
1248 3361 1361 3421 524-
1373 3342 1451 3420 5263

149 3427 297 3489 Delaville
314 3429 342 3489 le
359 3429 473 3506 Roulx,
491 3429 637 3506 Ducum,
656 3448 685 3509 p.
706 3448 846 3508 22—-23,
864 3429 924 3489 No.
948 3429 1005 3504 16).
1363 3428 1453 3490 1052

223 3531 241 3598 ¹)
262 3529 367 3583 Postea
383 3527 519 3600 magister
532 3527 694 3600 Hospitalis.

231 3669 249 3701 ,‚
297 3621 380 3702 Mai,
399 3622 536 3685 ind.Vll.
554 3658 597 3665 —
614 3622 766 3700 Alatinas,
783 3622 932 3684 soldanus
948 3621 1054 3698 Iconii,
1066 3623 1219 3702 Gregorio
1235 3624 1276 3684 ΙΧ
1292 3625 1404 3703 scribit,
1421 3645 1453 3686 se

149 3715 185 3773 ab
202 3732 287 3774 anno
304 3712 339 3773 ΙΙΙ
356 3712 534 3773 indictionis
558 3712 665 3790 (1230)
691 3732 790 3793 usqae
814 3713 899 3773 hunc
915 3712 969 3772 Vll
992 3712 1169 3773 indictionis
1192 3732 1310 3775 annum
1327 3713 1367 3775 Vl
1385 3734 1453 3795 per-

148 3820 241 3862 sonas
257 3800 432 3863 monachali
457 3802 562 3862 habita
587 3802 623 3862 ad
649 3801 752 3882 ipsam
776 3802 904 3877 misisse,
929 3802 983 3862 sed
1000 3822 1035 3861 ex
1053 3801 1089 3862 iis
1106 3801 1129 3862 ΙΙ
1146 3818 1265 3863 rantum
1283 3803 1408 3864 rediisse
1425 3819 1454 3865 et

149 3891 357 3952 dubitandum
375 3911 449 3966 esse,
462 3891 539 3971 quin
556 3890 694 3972 pontifex
711 3910 765 3971 per
782 3891 879 3951 dictos
896 3890 1023 3951 nuntios
1039 3891 1184 3972 epistolas
1200 3909 1229 3953 et
1245 3893 1387 3953 mandata
1403 3913 1453 3954 ac-

150 3980 273 4061 ceperit,
290 3981 393 4060 itaqne
410 4000 441 4041 se
459 4000 544 4041 nanc
559 3979 682 4040 fidelem
698 3999 792 4040 suam
810 3999 843 4041 ac
860 3978 1059 4040 christianam
1071 3980 1245 4041 Johannem
1263 3982 1301 4042 de
1318 3982 1419 4044 Gabra
1433 3983 1453 4057 ¹)

149 4070 187 4130 ad
198 4069 391 4131 Fridericam
403 4070 426 4130 ΙΙ
439 4069 656 4151 imperatorem
673 4083 703 4129 et
714 4068 892 4150 pontificem
903 4069 1056 4129 destinare
1073 4088 1144 4130 curn
1155 4085 1290 4150 utroque
1301 4071 1367 4131 viva
1378 4090 1453 4132 voce

150 4158 408 4239 colloqnntnram
425 4159 598 4240 (Raynaldi,
615 4157 729 4220 annal.
754 4178 845 4238 1235,
866 4166 880 4227 S
899 4159 1028 4238 37-38
1048 4156 1094 4237 [cl.
1113 4166 1127 4227 S
1144 4156 1214 4238 4o];
1241 4160 1328 4221 Mon.
1346 4160 1452 4222 Germ.

148 4247 205 4328 Ep.
223 4247 244 4326 l,
263 4268 290 4329 p.
306 4249 488 4328 518—519,
505 4248 566 4309 No.
579 4247 684 4328 6341).
701 4241 710 4330 ll
726 4248 815 4308 Hanc
832 4247 1003 4328 epistolam,
1021 4266 1116 4326 quarn
1128 4247 1254 4308 Wilken
1271 4248 1321 4327 Vl,
1338 4269 1367 4331 p.
1383 4250 1454 4329 562,

149 4337 221 4398 Not.
236 4357 274 4417 25
294 4338 400 4399 falsam
418 4357 483 4398 esse
501 4337 628 4417 putavit,
646 4337 795 4418 excerpsit
812 4337 1000 4418 biographus
1012 4336 1154 4417 Gregorii
1165 4337 1206 4397 ΙΙΙ
1217 4336 1387 4417 (Maratori,
1399 4338 1452 4400 SS.

150 4425 232 4504 ΙΙΙΑ,
259 4446 289 4509 p.
310 4427 389 4506 5803
415 4425 452 4487 cf.
471 4425 623 4487 Rdhricht
642 4427 674 4487 in
690 4426 802 4488 Theol.
821 4425 951 4487 Studien
969 4446 1000 4486 u.
1018 4425 1159 4486 Kritilten
1182 4428 1273 4506 1891,
1297 4447 1326 4510 p.
1347 4429 1455 4508 362-

225 4611 244 4675 ¹)
264 4605 485 4662 Instructionem
506 4619 534 4662 et
554 4605 765 4662 enuntiationes
786 4604 925 4678 ejusdem,
945 4605 1048 4676 quibus
1069 4604 1188 4660 nornine
1208 4623 1241 4661 ac
1261 4607 1296 4662 de
1316 4609 1454 4664 mandato

151 4677 260 4734 domini
273 4678 315 4733 sui
329 4678 403 4734 inter
416 4677 468 4732 alia
482 4676 644 4747 confirmat,
658 4695 689 4733 se
704 4690 796 4732 totam
815 4678 937 4732 Terram
957 4677 1104 4746 Sanctam,
1125 4695 1213 4748 quarn
1232 4678 1376 4735 christiani
1389 4693 1455 4737 ante

150 4749 275 4804 Saladini
289 4761 420 4822 tempora
435 4749 625 4820 possederint,
645 4751 709 4805 Deo
723 4747 884 4821 adjuvante,
904 4747 1061 4803 christianis
1080 4765 1248 4820 recuperare
1262 4762 1290 4804 et
1303 4751 1454 4822 possiden-

150 4821 392 4948 {iamffmiiede'e
406 4821 477 4876 velle
491 4820 526 4876 cf.
541 4820 569 4876 in
583 4819 964 4894 Raynaldi,Annal.1235,§
978 4838 1012 4893 39
1026 4832 1054 4875 et
1067 4820 1146 4875 Mon.
1156 4821 1251 4876 Germ.
1266 4823 1317 4893 Ep.
1329 4823 1348 4893 l,
1358 4840 1385 4894 p.
1394 4840 1454 4895 519,

178 4911 204 4948 o.
238 4912 272 4967 34
303 4933 309 4947 .

1243 4998 1295 5055 18·
