3398 5400
585 360 941 435 regniHierosolymitani.
1373 369 1412 448 85

110 455 348 464 *-

109 599 169 658 cas,
188 581 219 642 in
236 582 352 662 quibus
368 597 441 644 sunt
458 582 552 645 frena.
570 617 615 627 —
631 583 809 662 Guimgius,
820 582 1009 645 Guillelmus
1019 585 1130 659 Aruer,
1142 581 1297 657 Airaldus,
1308 582 1415 644 Α1111-

110 671 191 732 ricus
207 672 304 748 Belot,
313 672 332 749 ¹)
350 672 538 734 Guillelmus
556 674 644 749 Bar0,
657 673 811 736 Galterius
828 674 866 734 de
883 673 1080 750 notari-amr)
1102 672 1228 753 Scripsit
1252 673 1415 734 Rubaldus

109 761 309 822 cancellarius
326 761 485 824 Guillelmi
503 763 598 838 (Pauli
615 763 636 841 l,
654 781 683 844 p.
704 782 755 843 35,
773 763 834 823 No·
854 763 915 842 33l·
1344 760 1415 821 328

184 864 204 929 ¹)
224 860 300 916 Alias
314 861 403 916 Beloc
416 862 530 932 (Velox,
543 862 670 930 Zeloxl).
746 863 767 932 ⁹)
786 861 862 917 Alias
876 863 1026 916 Buturran.

158 954 257 1016 1157.
283 990 322 999 -
347 957 500 1036 Rogerius
524 957 664 1020 Clericus
687 957 805 1019 medias
827 958 939 1018 domos
962 955 1046 1035 juxta
1069 956 1166 1018 voltas
1189 956 1359 1038 Hospitalis
1382 958 1415 1019 in

109 1066 185 1125 ruga
217 1045 247 1108 S.
265 1047 413 1127 Stephani
445 1064 623 1124 manentes,
655 1066 760 1109 coram
785 1048 901 1128 quibus
926 1046 1074 1108 stationes
1100 1065 1198 1107 novae
1224 1047 1254 1108 S.
1274 1046 1415 1128 Sepulcri

108 1135 264 1214 assistunt,
282 1155 359 1216 quas
376 1136 501 1215 Rogerii
519 1154 615 1198 mater
632 1138 768 1199 Fraxena
786 1136 922 1198 moriens
943 1136 1001 1217 ipsi
1018 1134 1183 1212 dimiserat,
1207 1136 1240 1196 in
1256 1137 1414 1198 cambium

109 1244 167 1305 pro
183 1226 279 1287 domo
297 1224 430 1287 Goflridi
447 1227 485 1287 de
503 1228 636 1288 Karitate
653 1228 685 1288 in
702 1247 777 1306 ruga
796 1225 964 1307 Coquinati
988 1225 1146 1286 assistente
1163 1225 1316 1307 Hospitali
1333 1224 1414 1303 ejus-

109 1315 181 1376 dem
207 1315 308 1394 sigillo
333 1316 474 1395 apposito
500 1317 589 1378 tradit
612 1333 642 1378 et
663 1317 796 1378 domum
819 1315 920 1378 Pontii
944 1314 1092 1377 Gaannae
1114 1330 1196 1376 retro
1219 1315 1252 1376 in
1275 1311 1414 1393 ejusdem

109 1403 274 1484 occipiltilo
290 1420 319 1465 et
335 1404 467 1466 domum
485 1406 632 1467 Willelmi
649 1406 790 1467 Palmerii
808 1405 839 1466 in
863 1424 991 1466 ascensu
1015 1424 1110 1485 rugae
1134 1404 1413 1466 Parmentariorum

108 1493 248 1554 adextra
271 1494 428 1555 sedentem
454 1510 483 1555 et
505 1516 521 1555 a
544 1496 665 1557 sinistra
691 1495 800 1556 domui
826 1494 971 1556 himerici
998 1493 1152 1555 Guitrardi
1178 1494 1216 1555 de
1243 1494 1414 1555 Maumeria

109 1582 298 1643 assistentem
317 1583 468 1645 describit.
500 1585 564 1645 Has
588 1586 680 1665 igitur
702 1585 818 1646 medias
834 1586 947 1646 domos
964 1583 1115 1663 Hospitali
1133 1583 1221 1644 tradit
1237 1599 1267 1644 er
1282 1583 1415 1644 domum

109 1671 180 1732 dicti
192 1672 325 1733 Goffridi
344 1672 375 1733 in
393 1674 548 1735 cambium
566 1675 684 1756 accipit,
701 1675 787 1755 quod
800 1679 989 1735 Amoramus
1005 1672 1223 1750 thesaurarius,
1234 1672 1414 1733 Willelmus

109 1761 147 1821 de
164 1760 361 1822 Bellomonte
377 1763 510 1824 consilio
527 1763 651 1826 Geraldi
669 1764 825 1843 Hugonis,
849 1762 1018 1843 Hospitalis
1035 1762 1249 1842 praeceptoris,
1267 1761 1412 1823 fecerunt.

108 1883 152 1893 -
169 1849 344 1930 Stephanus
355 1851 468 1928 Rufus,
481 1852 570 1914 frater
580 1853 737 1914 lohannes
754 1855 921 1934 presbyter,
939 1851 1030 1912 frater
1044 1852 1152 1913 Petrus
1163 1852 1200 1912 de
1211 1850 1324 1931 Opere,
1343 1851 1414 1933 Ugo

110 1940 148 2001 de
165 1940 314 2019 Asinaria,
339 1941 509 2002 Umbertus
525 1943 563 2003 de
580 1943 648 2019 Bar,
672 1943 779 2004 Petrus
796 1942 956 2020 Salomon,
974 1941 1143 2002 Guibertus
1159 1941 1276 2021 Papais,
1301 1941 1414 2003 Uldre-

109 2029 169 2090 dus
185 2029 323 2106 Aurifex,
341 2030 519 2092 Willelmus
536 2032 573 2092 de
590 2032 760 2106 Bethleem,
778 2031 957 2093 Willelmus
974 2031 1012 2091 de
1031 2029 1192 2107 Palmerio,
1216 2030 1313 2091 Palais
1330 2029 1414 2092 Gali-

109 2138 173 2179 cus.
199 2118 327 2179 Factum
350 2120 375 2180 F
378 2120 516 2182 ulcherio
540 2121 719 2202 patriarcha,
744 2121 898 2183 Balduino
922 2119 958 2180 Ill
983 2139 1053 2200 rege
1077 2118 1234 2196 (Delaville
1253 2119 1282 2180 le
1300 2118 1414 2198 Rouht,

109 2227 138 2289 p.
158 2227 299 2288 93-94,
317 2209 377 2270 No.
400 2210 436 2271 16
456 2208 503 2289 [cf.
520 2231 551 2292 p.
575 2208 640 2290 16];
666 2212 767 2288 Prutz,
785 2230 814 2291 p.
833 2212 886 2290 96,
904 2211 964 2271 No.
989 2210 1045 2290 15).
1062 2202 1071 2292 Ν
1087 2209 1121 2270 11
1139 2209 1249 2270 dorso:
1271 2209 1361 2270 Carta
1375 2208 1414 2268 de

109 2298 293 2358 concambio
310 2297 389 2360 facto
406 2299 561 2360 Roderico
578 2301 710 2363 Cleric0.
1344 2295 1414 2357 329

158 2402 248 2463 1158
264 2406 329 2466 Jan.
350 2425 387 2485 ²5
408 2407 454 2467 vel
476 2404 575 2468 1159.
593 2441 635 2452 -
654 2407 884 2486 Hugonelini
902 2426 1058 2467 consensu
1075 2405 1196 2467 Alvisae
1215 2404 1327 2481 matris,
1344 2406 1414 2467 Bal-

110 2494 197 2555 duiui
215 2510 244 2554 et
262 2495 397 2556 Barisani
416 2496 541 2557 fratrum
560 2497 670 2559 domui
686 2496 857 2578 Hospitalis
879 2513 990 2557 terram
1008 2496 1166 2576 quandam
1191 2495 1269 2556 inter
1293 2495 1414 2556 molen-

109 2583 181 2644 dina
205 2584 350 2645 desubter
371 2586 566 2647 Mirabellum
584 2602 614 2648 et
629 2603 739 2648 terram
758 2586 871 2667 Spinae
888 2586 987 2659 sitam,
1006 2583 1094 2662 cujus
1110 2584 1340 2666 possessionem
1357 2583 1414 2645 sibi

109 2672 185 2733 olim
202 2672 417 2752 vindicaverat,
435 2675 599 2736 confirmat
615 2692 643 2737 et
660 2676 809 2737 omnibus
825 2674 940 2749 litibus,
958 2694 1035 2756 quas
1054 2689 1116 2734 tam
1135 2673 1199 2754 ipse
1216 2693 1311 2754 quam
1331 2690 1415 2755 pater

108 2782 185 2823 suus
201 2778 307 2823 contra
324 2763 484 2844 Hospitale
502 2765 621 2842 habuit,
645 2765 809 2826 renuntiat.
826 2798 871 2807 —
887 2765 1028 2845 Filippus
1044 2764 1082 2824 de
1099 2763 1224 2840 Cafran,
1248 2761 1358 2824 Simon
1376 2763 1414 2823 de

110 2851 202 2932 Laay,
226 2853 333 2913 Petrus
350 2853 388 2913 de
405 2853 525 2934 Laay,¹)
550 2854 700 2932 Libertus,
723 2855 866 2933 Paganus
889 2854 927 2915 de
951 2853 1079 2930 Rohais,
1106 2851 1258 2913 Martinus
1280 2850 1414 2930 Gazella,

111 2940 272 3002 Reualdus
295 2941 332 3002 de
352 2943 469 3003 Tribus
494 2943 693 3018 Molendinis,
718 2944 825 3004 Petrus
849 2941 1005 3024 Hugonis,
1030 2942 1189 3002 Reualdus
1212 2941 1353 3003 Claudus
1376 2943 1415 3003 de

110 3030 300 3110 Tyberiade3
319 3033 356 3092 de
374 3032 516 3094 fratribus
533 3032 718 3113 Hospitalis:
736 3033 872 3094 Carinus
889 3033 927 3094 de
944 3032 1049 3093 Melna
1065 3046 1255 3113 praeceptor,
1273 3030 1415 3108 11111011-

112 3118 192 3197 mus)
217 3119 434 3190 thesaurarius,
462 3120 500 3183 G.
518 3121 740 3200 Acconfensis),
766 3123 798 3183 Ρ.
823 3122 861 3182 de
885 3121 916 3183 S.
935 3120 1041 3200 Maria,
1067 3122 1175 3182 Petrus
1205 3121 1415 3199 Burgunnun.

111 3208 237 3269 Factum
257 3208 433 3289 Almalrico)
451 3211 657 3293 patriarchali
675 3210 830 3273 Balduino
848 3212 885 3272 111
902 3231 972 3290 rege
989 3210 1149 3288 (Delaville
1163 3211 1192 3271 le
1208 3210 1322 3288 Roulx,
1333 3230 1363 3290 p.
1374 3211 1415 3288 96

110 3318 209 3376 -97‚
227 3299 287 3361 No.
313 3300 348 3361 18
367 3298 415 3379 [cf.
433 3319 463 3380 p.
488 3298 552 3380 16];
578 3302 679 3379 Prutz,
697 3321 727 3382 p.
746 3302 888 3380 96—98,
905 3301 966 3362 No.
990 3300 1025 3361 16
1044 3297 1091 3379 [ad
1115 3297 1227 3379 1158]).
1346 3297 1417 3358 330

186 3401 206 3466 ¹)
225 3398 301 3454 Alias
316 3398 395 3472 Loja,
409 3399 486 3466 111,
500 3403 557 3456 Laa
580 3401 718 3473 ,Lahairu
735 3403 840 3474 Loges,
854 3400 926 3474 njar
1009 3404 1030 3469 ²)
1050 3399 1096 3456 Cf.
1109 3401 1220 3455 ZDPV.
1235 3401 1270 3470 Χ,
1289 3417 1316 3472 p.
1330 3399 1416 3471 7-83

110 3483 195 3526 11111
208 3469 302 3526 fuerat
314 3471 394 3543 prior
406 3473 435 3526 S.
449 3419 607 3545 Sepulchri.

192 3610 211 3641 „
259 3566 415 3646 April21.
427 3568 578 3630 Laterani.
590 3569 800 3630 -Adrianus
815 3569 856 3630 lV
864 3567 997 3644 Ameli0,
1008 3567 1107 3628 abbati
1120 3567 1247 3628 fratrum
1262 3566 1293 3628 S.
1303 3566 1416 3628 Mariae

111 3655 238 3717 Latinae
250 3654 560 3738 Hierosolymitanae‚
572 3658 741 3739 privilegia,
753 3657 819 3738 jura
836 3674 865 3718 et
877 3657 1088 3738 possessiones
1099 3656 1270 3734 confirmat,
1282 3675 1417 3736 quarum

111 3745 144 3806 in
154 3764 288 3807 numero
299 3746 513 3808 ultramarinas
523 3763 626 3810 vocat:
644 3749 791 3810 stationes
801 3747 944 3809 ecclesiae
955 3746 1081 3808 Latinae
1092 3747 1265 3827 contiguas,
1276 3745 1416 3822 furuum,

111 3835 258 3916 palatium
276 3833 358 3911 juxta
375 3851 494 3916 portam
513 3836 543 3898 S.
562 3837 710 3919 Stephani
726 3859 742 3898 a
759 3839 847 3920 plaga
869 3835 1001 3911 australi,
1025 3837 1138 3898 domos
1154 3851 1224 3916 post
1240 3834 1316 3896 illud
1333 3835 1415 3916 pala-

110 3924 199 4001 tium,
217 3944 309 4005 supra
327 3944 453 3986 murum
471 3927 556 3987 urbis
573 3925 654 4003 juxta
678 3928 759 3989 idem
778 3927 923 4008 palatium
943 3944 1043 4005 usque
1059 3926 1098 3986 ad
1114 3923 1283 3986 secundam
1301 3938 1417 3985 turrem

112 4033 275 4075 murorum
292 4028 321 4074 et
337 4033 373 4075 ex
389 4015 481 4076 altera
498 4031 583 4097 parte
601 4017 759 4078 ecclesiam
777 4017 807 4078 S.
820 4015 967 4097 Stephani
984 4013 1067 4093 juxta
1084 4014 1173 4092 viam,
1189 4032 1269 4094 quae
1286 4015 1324 4073 ab
1341 4014 1417 4073 urbe

110 4102 306 4165 Hierusalem
330 4104 414 4164 ducit
437 4105 611 4186 Neapolim,
636 4106 786 4187 hospitale
810 4104 893 4183 juxta
916 4105 1047 4166 eandem
1072 4103 1163 4178 viam,
1187 4104 1316 4164 hortum
1339 4101 1418 4163 inter

110 4192 243 4254 eandem
260 4193 419 4253 ecclesiam
436 4210 465 4254 et
483 4197 602 4274 urbem,
619 4196 727 4257 hortos
737 4210 766 4255 et
776 4195 882 4256 vineas
893 4195 925 4255 in
935 4193 1091 4255 territorio
1103 4192 1186 4252 urbis
1197 4211 1269 4253 cum
1280 4191 1417 4269 decimis,

109 4281 206 4344 casale
231 4281 343 4343 Belfair
366 4282 446 4359 (1111
465 4283 492 4343 11
509 4285 625 4346 circum
643 4304 715 4346 cum
731 4284 874 4362 vineto),
897 4283 1063 4344 dimidium
1088 4282 1184 4343 casale
1208 4281 1239 4343 S.
1256 4280 1417 4363 Euthymii

112 4370 194 4450 juxta
210 4371 404 4448 Bethlehem,
422 4371 519 4433 casale
537 4374 568 4435 in
585 4374 739 4436 territorio
755 4373 985 4451 Blanchegarda
1003 4371 1165 4452 privilegio
1180 4371 1301 4432 comitis
1311 4371 1417 4432 Amal-

111 4461 164 4521 rici
181 4459 411 4538 confirmatum,
429 4462 461 4523 in
479 4464 554 4524 urbe
566 4464 673 4545 Lydda
684 4464 724 4525 Vl
740 4478 909 4525 carrucatas
925 4477 1031 4540 terrae,
1049 4461 1171 4538 domos,
1187 4460 1304 4538 hortos,
1322 4460 1417 4521 eccle-

110 4551 187 4611 siam
211 4550 352 4611 Latinam
375 4551 565 4633 loppensem
588 4573 660 4614 cum
687 4553 844 4629 domibus,
871 4552 963 4614 horto
989 4566 1017 4612 et
1043 4550 1081 4611 111
1104 4550 1275 4626 carrucatis,
1301 4564 1417 4610 turrem

111 4639 236 4701 Latinae
254 4640 286 4700 in
302 4639 455 4702 territorio
465 4642 632 4704 Caesareae
649 4659 677 4702 et
693 4643 800 4720 casale,
812 4643 898 4722 quod
910 4641 967 4702 fuit
976 4639 1143 4717 Eustachii,
1154 4655 1263 4700 terram
1276 4639 1308 4700 in
1320 4638 1418 4700 Cocto

111 4730 237 4808 (Cano),
261 4730 484 4811 possessiones,
507 4750 585 4811 quas
608 4731 770 4813 privilegio
793 4731 997 4793 dominorum
1020 4729 1187 4791 Caesareae
1205 4727 1419 4810 possident,C

110 4819 258 4881 bisantios
274 4819 406 4900 Neapoli
423 4821 584 4882 aunuatim
600 4821 807 4903 accipiendos,
825 4820 983 4882 ecclesiam
1002 4819 1087 4880 urbis
1102 4818 1204 4901 Beryti
1222 4838 1292 4879 cum
1311 4817 1417 4894 hortis,

111 4908 271 4972 ecclesiam
288 4910 321 4970 in
338 4912 414 4972 urbe
431 4910 574 4973 Gibeleto
591 4927 620 4972 11
636 4911 773 4990 hortum,
798 4911 957 4972 ecclesiam
982 4909 1121 4970 Latinam
1145 4909 1178 4970 in
1202 4910 1310 4970 Monte
1330 4926 1418 4989 pere·
