3398 5400
285 323 347 391 208
849 316 1023 393 Regesta

283 418 503 426 ——-—--..

283 543 380 604 sensis
397 544 620 625 archiepiscopi
638 560 667 604 et
683 543 779 626 Cypri
796 543 966 604 cancellarii
984 543 1134 620 (Roziere,
1159 562 1188 623 p.
1208 543 1322 621 316-
1334 561 1406 621 317,
1429 541 1489 602 Νο.
1513 559 1588 614 177;

284 633 357 693 Lois
375 630 432 712 [ed.
449 631 603 712 Beugnot]
622 633 656 714 ΙΙ,
674 654 702 715 p.
723 653 794 713 535,
813 634 872 694 No.
890 652 950 712 49:
977 632 1093 713 Migne,
1111 652 1141 713 p.
1164 650 1255 711 1254,
1273 631 1333 692 No.
1357 630 1435 708 177).
1520 627 1590 688 780

331 738 417 799 1201
440 742 527 801 Mart.
544 774 587 785 —
604 741 669 801 Leo
687 741 721 819 ll,
738 760 789 800 rex
800 740 966 801 Armeniae
983 756 1012 801 et
1026 738 1120 819 regali
1135 758 1252 800 corona
1269 758 1323 820 per
1332 757 1445 798 manus
1455 736 1590 799 Romani

283 828 404 911 imperii
424 830 618 908 sublimatus,
635 830 842 891 Januensibus
867 849 921 910 per
943 849 1055 890 manus
1078 828 1185 910 Ogerii
1202 829 1239 890 de
1256 828 1342 889 Pallo
1361 827 1393 888 in
1410 846 1508 906 regno
1530 847 1590 888 suo

283 919 487 996 securitatem,
512 918 644 980 liberum
666 919 890 980 commercium
909 938 1033 980 necnon
1050 920 1082 979 in
1099 917 1218 979 civitate
1234 918 1292 978 Sisi
1310 931 1421 978 terram
1438 931 1468 977 et
1484 915 1590 978 locum

283 1009 320 1069 ad
339 1009 497 1069 ecclesiam
514 1024 544 1069 et
561 1009 732 1070 fundacum
749 1007 948 1086 aedificanda,
971 1009 1084 1070 domos
1100 1024 1130 1068 et
1146 1006 1273 1086 curiam,
1291 1007 1405 1067 deinde
1422 1006 1453 1067 in
1471 1005 1590 1067 civitate

285 1099 459 1158 Mamistrae
483 1115 512 1159 et
527 1098 615 1159 Tarsi
639 1098 798 1159 ecclesiam
815 1113 1032 1177 constructam,
1058 1097 1164 1158 locum
1185 1110 1214 1157 et
1230 1112 1340 1157 terram
1357 1097 1396 1157 ad
1413 1095 1590 1157 faciendum

285 1187 465 1266 fundacum,
476 1188 589 1248 domos
605 1204 634 1248 et
644 1188 761 1249 curiam
772 1187 914 1248 concedit
923 1202 1016 1268 atque
1026 1186 1127 1268 sigillo
1138 1186 1250 1247 munit.
1269 1186 1383 1246 Datum
1395 1204 1449 1266 per
1459 1203 1588 1245 manum

282 1276 443 1354 Iohannis,
468 1277 689 1358 archiepiscopi
707 1276 846 1355 Sisensis,
869 1276 984 1336 abbatis
1000 1277 1113 1337 Trium
1129 1274 1285 1352 arcium,¹)
1309 1275 1402 1335 totius
1423 1273 1589 1335 Armeniae

283 1363 372 1445 legati
389 1381 419 1426 et
436 1367 617 1428 cancellarii.
636 1401 679 1409 —
695 1372 767 1427 Atto
784 1366 992 1443 Placentinus,
1009 1366 1147 1427 notarius
1163 1365 1239 1425 sacri
1256 1363 1367 1446 palatii,
1383 1361 1468 1443 jussu
1485 1362 1589 1424 Jacobi

283 1455 321 1515 de
345 1455 511 1533 balduine,
534 1456 692 1537 potestatis
708 1455 882 1534 januensis,
907 1455 1112 1536 transscripsit
1135 1453 1237 1529 (Liber
1254 1452 1369 1531 jurium
1386 1453 1407 1531 l,
1431 1473 1461 1534 p.
1479 1453 1590 1532 468-

282 1563 357 1623 470,
376 1545 436 1606 No.
453 1565 513 1625 441
528 1564 535 1621 ;
557 1546 682 1607 Notices
699 1561 727 1606 et
744 1545 873 1605 Extraits
888 1544 940 1621 XI,
958 1565 987 1626 p.
1012 1563 1153 1624 19-11;
1175 1542 1332 1623 Langlois,
1349 1562 1379 1623 p.
1403 1542 1588 1622 105—1083

283 1633 344 1694 No.
362 1653 392 1709 1;
411 1634 448 1695 cf.
467 1634 555 1694 Serra
566 1635 617 1712 IV,
635 1654 664 1715 p.
682 1654 869 1714 149—15o;
887 1634 1036 1695 Archives
1047 1635 1076 1695 d.
1090 1633 1172 1693 miss.
1184 1631 1326 1710 scientif,
1343 1632 1362 1692 l.
1375 1651 1400 1692 c.
1413 1632 1447 1710 ΙΙ,
1464 1651 1495 1712 p.
1510 1649 1588 1710 3713

284 1722 449 1783 Dulaurier
464 1723 496 1784 in
513 1724 620 1784 Ioum.
636 1724 719 1784 asiat.
738 1725 830 1802 1861,
848 1723 954 1803 XVIII,
972 1743 1001 1804 p.
1016 1742 1200 1804 332-333,
1219 1721 1391 1802 345-346
1409 1736 1438 1780 et
1455 1720 1590 1781 Recher-

283 1813 355 1872 ches
372 1832 425 1873 sur
435 1813 462 1873 la
473 1812 616 1874 chronol.
627 1814 743 1877 arme'n.
754 1813 775 1892 l,
787 1833 817 1894 p.
836 1832 955 1892 123—r
966 1833 1016 1892 24,
1035 1814 1110 1892 165;
1128 1811 1219 1894 Heyd
1231 1812 1252 1890 l,
1265 1831 1293 1892 p.
1309 1810 1502 1891 369—370).
1520 1806 1586 1867 781

358 1916 377 1980 ¹)
397 1914 540 1984 Trazarg;
559 1912 595 1968 cf.
610 1913 719 1969 Kohler
732 1925 761 1968 et
773 1912 910 1984 Langlois
924 1912 952 1967 in
966 1913 1037 1968 Bibl.
1052 1913 1088 1967 de
1101 1911 1202 1968 l'ecole
1216 1912 1242 1966 d.
1257 1911 1369 1966 chortes
1387 1910 1462 1983 1891,
1476 1927 1503 1981 p.
1511 1911 1554 1965 62.

364 2053 384 2084 „
431 2009 635 2090 Mart-April.
667 2009 818 2070 Laterani.
843 2042 886 2053 -
909 2008 1111 2070 Innocentius
1132 2008 1169 2068 ΙΙΙ
1193 2007 1348 2085 Aletrium,
1372 2006 1589 2087 imperatorem

283 2097 678 2179 Constantinopolitanum,
696 2098 750 2178 qui
775 2098 930 2180 petiverat,
954 2113 989 2160 ut
1005 2096 1207 2173 (Amalricum
1224 2097 1268 2175 ll),
1286 2115 1390 2176 regem
1407 2094 1589 2176 Hierosoly-

282 2187 447 2264 mitanum,
466 2188 797 2249 excommunicationis
813 2188 964 2248 sententia
980 2188 1018 2248 ad
1035 2187 1226 2248 reddendam
1242 2187 1377 2247 insulam
1390 2183 1486 2267 Cypri
1503 2203 1589 2244 com-

283 2274 383 2357 pellat,
402 2296 435 2336 ac
452 2295 583 2355 magnos
596 2277 735 2339 redditus
751 2277 833 2338 dicto
851 2277 915 2359 regi
932 2297 967 2337 ac
984 2277 1126 2337 fratribus
1145 2274 1313 2357 Hospitalis
1329 2289 1359 2335 et
1375 2273 1500 2355 Templi
1517 2273 1589 2334 inde

284 2365 455 2426 ministrare
480 2365 636 2447 pollicitus
660 2367 768 2445 fuerat,
793 2383 908 2444 monet,
932 2386 1005 2428 cum
1029 2366 1107 2426 dicta
1125 2365 1225 2427 insula
1242 2365 1386 2426 manibus
1403 2362 1589 2445 principis,¹)

283 2454 337 2535 qui
355 2455 393 2515 de
410 2455 474 2535 ipsa
490 2455 622 2537 imperio
639 2455 988 2538 Constantinopolitano
1005 2456 1136 2516 minime
1152 2455 1363 2536 responderet,
1387 2473 1404 2513 a
1421 2452 1588 2528 Richardo,

282 2563 353 2623 rege
364 2545 506 2623 Angliae,
518 2562 620 2626 erepta
637 2545 744 2608 fuisset
760 2561 789 2607 et
805 2565 869 2607 non
886 2546 1048 2606 modicum
1064 2545 1240 2606 subsidium
1256 2542 1396 2606 orientali
1413 2541 1589 2623 provinciae

282 2634 503 2712 subministret,
521 2654 561 2695 ne
577 2650 656 2697 statu
673 2636 787 2696 Terrae
804 2635 931 2696 Sanctae
949 2635 1104 2716 pendente
1120 2652 1225 2714 regem
1242 2632 1431 2694 antedictum
1449 2630 1589 2692 molestet

283 2722 482 2804 (Bre'quigny,
507 2724 563 2805 Ep.
589 2724 695 2786 Innoc.
720 2725 741 2803 l,
768 2745 797 2806 p.
822 2744 981 2804 74”·75›
1008 2724 1068 2786 No.
1094 2725 1152 2803 643
1187 2723 1290 2799 Gesta,
1318 2723 1408 2800 §643
1442 2721 1587 2796 Potthast,

283 2813 344 2872 No.
369 2812 470 2892 1332).
1519 2806 1588 2868 782

323 2977 340 3031 6
358 2904 376 2975 ¹)
396 2906 456 3046 Kpp
469 2906 555 2975 Isaac,
569 2905 618 2977 qui
631 2924 646 2960 a
660 2906 803 2962 Richardo
816 2923 884 2978 rege
898 2919 999 2977 captus
1012 2904 1066 2961 fuit
1084 2903 1231 2975 (Robricht
1244 2903 1273 2958 in
1286 2901 1356 2958 Hist.
1365 2901 1501 2957 Zeitschr.
1515 2901 1588 2974 1875,

283 2993 309 3047 p.
346 2986 411 3032 1-1)

366 3109 385 3139 ,,
431 3062 528 3144 Αρ1ἰΙ.
542 3084 593 3143 17,
611 3064 674 3125 ind.
688 3066 737 3126 IV.
754 3098 797 3109 —
814 3064 955 3126 Marinus
967 3065 1086 3142 Mazuc,
1096 3061 1260 3124 lanuensis
1270 3075 1299 3121 et
1309 3059 1462 3122 confrater
1472 3057 1589 3139 Hospi-

284 3150 361 3230 talis,
379 3152 480 3213 eidem
497 3152 606 3214 domui
623 3173 678 3235 per
693 3173 823 3215 manum
841 3153 984 3216 Gaufridi
1006 3151 1143 3232 magistri
1166 3150 1267 3230 sigillo
1288 3149 1430 3231 apposito
1447 3147 1590 3210 concedit

284 3260 412 3302 censum
437 3241 531 3302 unius
556 3244 696 3304 marchae
719 3243 880 3305 annuatim
900 3243 1114 3324 recipiendum
1132 3261 1189 3323 pro
1206 3240 1244 3301 IV
1262 3237 1403 3317 ejusdem
1418 3237 1589 3299 stationum

284 3330 434 3405 custodia,
445 3350 580 3410 quarum
597 3332 621 3392 ll
637 3352 673 3392 ex
691 3352 753 3393 una
770 3349 853 3414 parte
870 3334 1036 3394 cohaerent
1052 3330 1107 3392 uni
1125 3329 1247 3391 stationi
1259 3327 1437 3409 Hospitalis,
1451 3347 1488 3387 ex
1498 3326 1589 3387 altera

283 3419 406 3480 stationi
424 3419 558 3482 Rolandi
574 3421 713 3502 Nepotis,
741 3422 839 3482 fratris
855 3420 992 3483 Antelmi
1009 3421 1048 3481 de
1064 3421 1164 3496 Luca,
1191 3419 1276 3480 tertia
1300 3418 1443 3478 adhaeret
1466 3413 1589 3477 stationi

284 3509 418 3569 Rolandi
435 3525 464 3569 et
480 3510 622 3570 Andreae
640 3509 734 3587 Ruffi,
752 3527 860 3592 quarta
883 3510 1005 3571 stationi
1031 3510 1172 3570 Andreae
1190 3523 1219 3569 et
1239 3506 1371 3568 Bandini
1389 3505 1449 3567 Bec
1476 3505 1588 3583 Pisani,

283 3616 394 3659 omnes
410 3618 484 3660 vero
501 3619 537 3660 ex
554 3614 637 3680 parte
653 3600 872 3680 septentrionis
893 3598 1031 3678 adjacent
1048 3599 1113 3659 viae
1131 3596 1281 3679 publicae,
1306 3616 1342 3657 ex
1359 3609 1443 3676 parte
1460 3593 1588 3655 meridei

284 3687 360 3747 mari
378 3692 614 3768 portusAccon.
632 3689 696 3749 Has
706 3709 780 3751 vero
791 3690 938 3750 stationes
948 3689 1109 3770 Hospitale
1127 3704 1196 3768 post
1212 3686 1333 3748 obitum
1346 3684 1458 3746 Marini
1475 3683 1589 3745 tenebit

261 3822 265 3829 .
283 3775 432 3857 proprias.
442 3777 725 3839 -Factumcoram
737 3778 890 3841 Gaufrido
899 3779 1045 3857 magistro
1053 3775 1391 3856 sigillante,Guillelmo
1400 3774 1589 3851 Lumbardo,

284 3881 481 3947 praeceptore
498 3867 681 3946 Acconensi,
698 3867 847 3930 Antelmo
864 3867 1064 3943 thesaurario,
1082 3866 1170 3927 fratre
1188 3864 1375 3943 lsambard0,
1395 3878 1471 3924 tunc
1488 3862 1589 3944 priore

284 3954 440 4034 Franciae,
458 3955 598 4035 Simone,
615 3958 789 4018 senescalco
810 3956 956 4036 magistri,
974 3972 1003 4017 et
1019 3955 1101 4027 aliis;
1127 3956 1165 4016 de
1181 3953 1388 4015 saecularibus
1404 3952 1587 4014 adfuerunt:

284 4043 432 4105 dominus
449 4043 625 4106 Belmustus
642 4046 812 4125 Lercarius,
830 4045 1010 4107 Willelmus
1026 4045 1111 4107 Usus
1129 4044 1232 4122 Maris,
1251 4042 1398 4104 Vivaldus
1415 4041 1545 4103 Moricla
1561 4054 1590 4101 et

283 4133 334 4193 alii
351 4133 446 4209 (Paoli
463 4133 484 4212 I,
502 4154 532 4216 p.
546 4136 731 4216 216-217,
749 4137 810 4198 No.
829 4155 904 4215 1743
922 4135 959 4196 cf.
971 4155 1001 4217 p.
1017 4154 1095 4214 5403
1116 4133 1190 4194 Lois
1202 4130 1259 4212 [ed.
1272 4129 1425 4212 Beugnot]
1444 4131 1465 4209 l,
1482 4150 1513 4212 p.
1525 4131 1590 4210 634

284 4236 366 4298 not.;
385 4223 418 4303 ΙΙ,
436 4243 466 4304 p.
490 4244 546 4304 1⁷5
566 4226 653 4302 not).
1519 4215 1589 4278 783

365 4375 384 4407 ,,
431 4329 515 4410 Mai,
540 4332 604 4393 ind.
622 4332 672 4394 IV.
701 4366 736 4375 -
765 4331 949 4411 Christiana,
967 4331 1028 4393 filia
1051 4331 1214 4411 quondam
1238 4329 1364 4409 Rogerii
1387 4329 1426 4389 de
1450 4327 1588 4410 Caypha,

284 4439 410 4481 assensu
428 4436 457 4481 et
472 4420 574 4502 sigillo
586 4421 713 4498 Roardi,
725 4421 846 4483 domini
857 4423 895 4483 de
905 4422 1059 4504 Cayphas,
1071 4419 1224 4502 Hospitali
1241 4439 1296 4501 per
1311 4436 1442 4479 manum
1453 4415 1590 4497 magistri

283 4508 417 4571 Goffridi
434 4511 472 4571 de
489 4510 619 4572 Donion
643 4511 740 4572 casale
757 4511 887 4591 Digegie
911 4511 1054 4574 concedit
1069 4526 1100 4570 et
1115 4508 1287 4570 confirmat.
1304 4542 1348 4552 —
1365 4508 1411 4568 De
1428 4506 1588 4568 fratribus:

284 4598 455 4660 Gaufridus
472 4600 510 4660 de
528 4600 656 4661 Donion
673 4599 827 4679 magister,
851 4600 1040 4662 Guillelmus
1056 4598 1262 4672 Lombardus‚
1280 4611 1460 4679 praeceptor
1476 4597 1590 4657 domus

283 4693 401 4767 Accon,
427 4688 593 4750 Antelmus
616 4690 654 4751 de
671 4690 754 4750 Luca
777 4690 995 4768 thesaurarius,
1019 4689 1230 4766 Constantius,
1254 4687 1375 4765 Simon,
1398 4686 1590 4747 senescalcus

284 4776 430 4858 magistri,
448 4778 641 4860 Stephanus;
659 4779 697 4839 de
713 4778 863 4840 militibus
881 4780 1013 4840 Roardi:
1032 4778 1120 4858 Milo,
1138 4777 1308 4853 Eustacius,
1323 4776 1492 4854 lohannes,
1510 4773 1590 4835 filius

285 4867 411 4929 Henrici
443 4868 481 4928 de
514 4868 624 4946 Podio,
657 4868 844 4950 Stephanus,
875 4869 1025 4947 Thomas,
1059 4887 1158 4950 nepos
1183 4864 1406 4947 archiepiscopi
1431 4862 1590 4947 Tyrensis,
