3398 5400
571 332 650 408 regni
663 332 923 410 Hierosolymitani.
1339 359 1397 410 127

255 428 617 438 --—-..—--.-.—...-—..—.
627 432 741 437 -—-—-
753 432 867 438 ,-
886 430 1247 438 ——-—·-—-——-..
1259 432 1347 439 *-
1366 433 1399 438 -.

93 546 251 608 materiam
276 547 408 627 collegit,
431 566 464 610 ut
486 569 581 629 papae
598 569 666 609 eam
683 547 915 625 dijudicandam
931 547 1146 609 committeret.
1164 582 1207 592 —
1224 548 1399 610 Almaricus

93 638 272 718 patriarcha,
288 637 473 699 Almalricus
490 638 500 698 l
518 658 579 716 rex,
596 638 760 711 Radulfus,
777 639 904 715 betlem,
926 638 1109 714 bernardus,
1128 637 1300 716 Liddensis,
1318 639 1398 719 epis-

93 726 174 807 copi,
191 726 371 802 Reinaldus,
390 727 506 789 Montis
523 727 610 805 Sion,
622 728 739 804 Petrus,
751 727 845 787 Vallis
855 728 1011 807 Josaphat,
1028 729 1161 803 abbates,
1179 727 1296 803 Petrus,
1315 728 1400 809 prior

93 816 124 877 S.
143 815 305 896 Sepulchri
330 817 423 892 (paoli
441 818 461 894 l,
487 837 515 897 p.
536 836 720 897 229—232,
738 817 798 877 N0.
823 817 898 892 1863
926 816 963 877 cf.
981 837 1011 898 p.
1033 833 1221 896 544—545;
1248 817 1397 897 Herquet,

93 904 317 985 Chronologie,
342 926 370 987 p.
394 927 446 981 1o;
472 905 693 966 Wochenblatt
709 907 763 966 der
781 905 1216 987 Johanniter-Ordensballey
1240 906 1399 967 Branden-

93 995 172 1073 burg
194 997 285 1072 1880,
303 996 363 1056 N0.
382 997 417 1070 6;
442 996 559 1057 ZDPV.
577 995 627 1072 Vl,
651 997 742 1076 1883,
769 1016 799 1076 p.
819 1014 853 1056 21
867 1014 1009 1074 1-2143
1035 994 1182 1056 Delaville
1199 994 1227 1056 le
1246 995 1350 1057 Roulx
1367 996 1398 1055 in

93 1084 200 1145 Revue
217 1084 286 1145 hist.
305 1083 377 1162 Maj.
401 1086 492 1162 1880,
510 1106 539 1167 p.
564 1085 642 1165 183).
1328 1081 1399 1143 480

138 1186 469 1272 (titulumne).
493 1226 536 1234 —-
553 1191 734 1268 Lletardus),
760 1190 1012 1272 archiepiscopus
1037 1189 1224 1268 Nazareuus,
1250 1190 1398 1269 Henrico,

94 1280 327 1362 archiepiscopo
359 1280 516 1359 Remensi,
546 1280 743 1341 Willelmum
769 1281 984 1361 presbyterum
1016 1297 1072 1360 pro
1098 1279 1230 1358 negotiis
1255 1280 1398 1341 ecclesiae

94 1370 269 1431 Nazarenae
294 1371 325 1430 in
343 1369 503 1431 Franciam
528 1370 659 1430 missum
683 1370 882 1431 commendat
907 1369 1067 1446 (Marte'ue,
1093 1368 1198 1450 Ampl.
1216 1370 1345 1431 Collect.
1364 1370 1398 1447 ll,

93 1480 123 1541 p.
143 1461 328 1540 864-865,
353 1461 413 1520 No,
434 1478 513 1540 3003
545 1460 692 1539 Bouquet
707 1459 788 1536 XVI,
815 1478 844 1539 p.
868 1478 1049 1538 192—193,
1074 1459 1134 1519 N0.
1159 1458 1238 1537 156).
1261 1453 1270 1542 ll
1294 1460 1398 1539 ltaque

93 1548 268 1610 Alexander
284 1549 321 1610 lll
338 1549 367 1626 (8
379 1549 453 1610 Dec.
469 1548 560 1626 1170)
577 1548 739 1609 universos
750 1547 864 1609 Christi
875 1546 982 1608 fideles
998 1546 1143 1608 Franciae
1160 1562 1257 1627 rogat,
1276 1564 1310 1609 ut
1326 1548 1398 1609 civi-

92 1638 204 1700 tatibus
220 1638 334 1699 Terrae
351 1639 479 1699 Sanctae
496 1656 592 1699 terrae
613 1653 702 1698 motu
718 1636 836 1712 dirutis,
861 1636 1038 1717 praesertim
1061 1635 1206 1697 ecclesiae
1223 1637 1399 1698 Nazarenae

92 1728 288 1804 subveniant,
306 1726 395 1807 cujus
411 1726 507 1787 casale
528 1746 679 1806 magnum
696 1726 848 1803 Saraceni,
873 1726 989 1786 clericis
1005 1740 1036 1786 et
1052 1725 1160 1787 incolis
1177 1727 1281 1808 captis,
1305 1747 1398 1788 occu-

93 1833 254 1898 paverunt,
278 1818 317 1878 ita
335 1834 369 1878 ut
385 1816 526 1878 canonici
551 1831 728 1898 paupertate
745 1832 774 1876 et
795 1815 899 1896 inopia
922 1831 1137 1897 premerentur
1160 1815 1315 1895 (Bouquet
1331 1816 1398 1892 XV,

93 1925 123 1988 p.
143 1908 326 1987 893—894,
344 1908 404 1967 No.
424 1907 503 1982 2813
528 1905 814 1978 Jaffe-waenleld,
831 1905 891 1965 N0.
916 1906 1044 1985 ¹¹952l·
1329 1903 1394 1964 481

137 2014 149 2092 (
187 2059 206 2090 ,,
245 2012 294 2090 c.).
317 2048 360 2056 —
383 2013 479 2092 Hugo
503 2013 687 2074 Etherianus
709 2013 876 2092 Aimerico,
901 2013 1088 2094 patriarchae
1113 2012 1320 2089 Antiocheno,
1346 2033 1400 2094 per

93 2122 223 2164 manum
248 2102 390 2164 Rainaldi
414 2102 561 2184 principis
584 2102 699 2164 librum
722 2123 817 2164 suum
833 2104 870 2164 de
888 2102 1085 2184 processione
1103 2102 1133 2163 S.
1152 2101 1285 2182 Spiritus
1301 2117 1398 2162 trans-

93 2192 184 2253 mittit
207 2191 367 2269 (Martene,
391 2192 543 2253 Thesaur.
562 2192 583 2266 l,
608 2213 637 2274 p.
655 2213 737 2272 4793
766 2193 883 2271 Migne,
909 2193 1019 2255 Patrol.
1036 2194 1085 2253 lat.
1103 2191 1196 2270 CCll,
1212 2211 1242 2272 p.
1263 2211 1341 2271 ²303
1363 2192 1399 2254 cl.

93 2303 121 2344 v.
140 2283 314 2363 Kap·Herr,
332 2282 389 2343 Die
405 2282 591 2343 abendland.
608 2283 720 2343 Politik
737 2283 846 2342 Kaiser
862 2282 1014 2358 Manuels,
1032 2302 1061 2362 p.
1081 2282 1143 2356 86).
1328 2279 1398 2340 482

137 2392 149 2463 (
187 2434 207 2465 ,,
246 2389 295 2464 c.).
312 2422 356 2432 -
372 2389 479 2469 Hug0,
491 2389 635 2468 magister
646 2391 683 2450 de
696 2389 844 2465 Asinaria,
857 2407 986 2450 censum
1003 2390 1117 2449 domus
1129 2387 1296 2469 Hospitalis
1313 2408 1398 2449 com-

92 2478 208 2559 posuit,
232 2479 264 2538 in
281 2497 347 2558 quo
370 2493 595 2539 enumerantur
612 2479 643 2539 hi
660 2479 826 2540 tributarii:
851 2478 958 2540 Guido
975 2479 1013 2539 de
1030 2478 1169 2555 Beteran,
1193 2478 1398 2539 Boamundus

93 2569 130 2628 de
148 2567 247 2628 Podio
264 2568 301 2628 de
319 2567 476 2644 domibus,
494 2587 574 2647 quae
597 2585 679 2629 retro
702 2584 775 2629 sunt
798 2568 1016 2628 molendinum
1040 2567 1191 2627 olivarum
1218 2567 1249 2627 in
1273 2587 1349 2645 ruga
1366 2567 1396 2628 S.

92 2657 252 2737 Stephani,
270 2656 331 2717 lilia
347 2657 494 2718 dominae
506 2657 668 2718 Cabreriae
685 2657 716 2718 in
734 2677 810 2738 ruga
826 2660 936 2719 subtus
952 2657 1076 2718 Roman
1093 2657 1131 2716 de
1149 2656 1257 2732 Podi0,
1266 2656 1398 2717 lacobus

92 2746 244 2807 Surianus
262 2747 293 2807 in
311 2765 386 2824 ruga
403 2747 441 2806 de
450 2746 596 2827 Josaphat
613 2747 650 2807 de
667 2750 776 2808 subtus
793 2748 925 2808 domum
942 2745 1088 2807 dominae
1099 2745 1294 2825 Stephaniae,
1311 2747 1398 2806 laco·

93 2836 186 2916 pinus
196 2836 390 2896 Tesceranus
405 2836 453 2896 del
471 2835 560 2896 curtil
571 2837 609 2895 de
620 2836 772 2913 belvehir,
784 2836 937 2916 quaedam
949 2835 1041 2896 vidua
1058 2834 1096 2894 de
1112 2836 1221 2895 subtus
1231 2835 1398 2915 Jacopinus

91 2925 286 2986 Tesceranus
303 2925 375 3000 (sic),
399 2924 505 2986 Helias
521 2941 591 2984 ante
609 2925 740 2986 domum
760 2925 893 3006 Philippi
910 2926 949 2985 de
966 2923 1098 3004 Neapoli
1122 2942 1218 3004 prope
1242 2924 1273 2985 S.
1291 2924 1397 2984 Marti-

93 3033 181 3092 num,
200 3015 402 3075 Auschitinus
419 3015 552 3094 desuper
568 3015 699 3075 domum
717 3015 842 3075 Brahini
859 3015 946 3074 sitam
964 3032 1061 3095 prope
1078 3013 1108 3074 S.
1127 3013 1307 3088 Martinam,
1327 3014 1397 3074 Rai-

92 3103 212 3180 naldus,
237 3103 318 3164 lilius
334 3104 479 3181 Arduini,
496 3104 630 3185 desuper
653 3105 787 3165 domum
803 3104 947 3184 praedicti
965 3101 1151 3179 Auschitini,
1175 3101 1199 3162 ll
1216 3101 1338 3163 Suriani
1366 3103 1397 3164 in

92 3193 189 3254 domo
207 3193 359 3271 Rainaldi,
378 3193 521 3253 Roardus
536 3193 638 3254 Rufus
649 3194 782 3274 desuper
793 3192 983 3274 praedictum
995 3191 1280 3264 Rainaldum,loan
1291 3192 1397 3253 Barata

92 3284 130 3343 de
142 3297 222 3343 retro
233 3283 366 3343 domum
377 3282 570 3359 Auschetiui,
583 3283 738 3343 Arualdus
749 3284 787 3343 de
798 3283 828 3344 S.
842 3281 975 3343 Martino
991 3298 1061 3342 aute
1072 3282 1203 3343 domum
1222 3280 1251 3341 S.
1265 3281 1398 3360 Martini,

92 3372 271 3432 Willelmus
297 3373 473 3452 Campaner
496 3372 533 3432 de
560 3371 659 3433 curtili
685 3371 766 3450 juxta
792 3372 822 3433 S.
842 3370 1022 3445 Matrinum,
1048 3371 1201 3450 quaedam
1228 3370 1339 3431 mulier
1365 3372 1397 3432 in

92 3480 185 3521 muro
202 3461 328 3522 civitatis
345 3462 382 3522 de
400 3461 533 3521 Belcaire
550 3459 632 3539 juxta
650 3461 661 3521 l
677 3461 766 3522 curtil
783 3463 822 3522 de
839 3460 983 3538 Sansaba,
1000 3461 1071 3539 Ugo
1091 3458 1258 3541 Campium
1277 3460 1309 3521 in
1327 3461 1397 3521 her-

92 3549 221 3611 minaria
238 3552 275 3612 de
293 3550 404 3627 curtili,
421 3550 580 3612 Gunsulin
599 3552 714 3611 Mazun
731 3552 769 3611 de
786 3553 882 3612 domo
899 3549 931 3609 in
948 3549 1144 3626 herminaria,
1162 3549 1316 3628 Rogerius
1332 3555 1397 3610 An-

90 3638 190 3718 glicus
207 3641 245 3700 de
263 3660 325 3701 una
342 3640 424 3701 volta
440 3641 473 3701 in
491 3659 567 3718 ruga
577 3640 701 3721 Templi
719 3638 801 3718 juxta
816 3639 975 3700 lulianum
986 3640 1146 3716 Corveser,
1164 3639 1271 3699 Petrus
1281 3639 1397 3700 Cabra-

91 3729 155 3790 rius
172 3730 210 3790 de
228 3730 324 3791 domo
341 3746 410 3790 ante
428 3729 605 3805 bullariam,
623 3730 703 3790 Pelai
719 3731 757 3791 de
769 3731 865 3790 domo
876 3746 945 3789 ante
958 3729 1176 3807 RaulBurges,
1188 3728 1397 3808 RaulBurges

91 3818 124 3878 ln
140 3837 218 3898 ruga
234 3819 265 3880 S.
283 3818 442 3900 Stephani,
460 3819 578 3880 Guiber
595 3819 691 3899 Papas
707 3835 776 3879 ante
795 3819 924 3879 furnum
941 3819 978 3878 de
996 3818 1113 3895 Latina,
1130 3817 1231 3879 Fortis
1247 3817 1396 3879 Guascun

91 3906 124 3968 iu
141 3927 217 3987 ruga
242 3907 519 3989 parmentariorum
538 3908 575 3968 de
593 3909 740 3969 domibus
757 3907 871 3984 All'ani,
889 3908 1113 3969 Constantinus
1137 3907 1169 3967 in
1193 3908 1397 3987 parmentaria

91 3995 174 4075 juxta
190 3998 356 4058 stationem
374 3998 404 4059 S.
418 4002 540 4074 Annae,
557 3998 708 4057 abbatissa
732 3997 761 4058 S.
781 3999 894 4058 Mariae
912 3997 1028 4057 Pitittae
1045 3998 1083 4057 de
1100 3998 1181 4057 volta
1199 4016 1261 4057 una
1279 3996 1309 4056 in
1328 4016 1397 4078 par·

91 4087 240 4147 mentaria
265 4087 303 4148 de
328 4089 437 4148 subtus
463 4087 595 4147 domum
621 4086 747 4147 Roberri
774 4087 942 4163 Galatinae,
969 4086 1075 4147 Guido
1101 4087 1138 4146 de
1165 4086 1195 4147 S.
1218 4086 1333 4147 Cosma
1358 4088 1397 4147 de

90 4177 248 4254 domibus,
258 4196 338 4256 quae
354 4176 481 4237 luerunt
498 4176 633 4236 Rainerii
649 4176 819 4237 Lombardi
835 4175 918 4253 juxta
934 4176 964 4237 S.
974 4176 1133 4252 Cosmam,
1151 4175 1174 4234 ll
1191 4176 1300 4250 voltae,
1317 4195 1396 4255 quae

91 4265 218 4326 fuerunt
242 4266 379 4342 Roberti,
395 4266 494 4325 mariti
512 4265 600 4326 Aluis
618 4266 792 4346 baptizatae,
816 4282 884 4326 ante
909 4267 1040 4326 domum
1061 4264 1189 4325 Arnaldi
1211 4264 1241 4325 S.
1261 4265 1396 4344 Martini,

90 4355 247 4416 Henricus
264 4355 302 4415 de
320 4354 393 4434 Legi
411 4355 443 4415 in
460 4374 522 4414 una
539 4355 635 4416 ruella
652 4356 689 4415 de
706 4356 816 4415 subtus
833 4354 1045 4435 parmentaria,
1064 4353 1227 4414 Richerius
1243 4354 1396 4415 Corveser

90 4442 174 4521 juxta
190 4445 323 4505 domum
334 4444 441 4504 Heliae
452 4443 588 4525 Templi,
600 4443 770 4506 Gaulridus
781 4446 896 4505 Beruer
906 4442 988 4521 juxta
999 4444 1130 4504 domum
1142 4442 1248 4503 Heliae
1259 4442 1395 4523 Templi,

91 4534 241 4594 Azelinus
258 4532 339 4610 juxta
364 4550 483 4614 portam
499 4534 625 4614 Templi
642 4549 670 4593 et
686 4533 768 4593 viam
784 4533 870 4594 vallis
885 4533 1039 4613 Josaphat,
1063 4533 1171 4594 Petrus
1187 4534 1225 4593 de
1243 4533 1395 4613 Hospitali

90 4623 123 4683 in
146 4643 224 4701 ruga
245 4623 400 4703 Josaphat,
426 4622 572 4684 Giraldus
598 4621 706 4683 Belver
729 4623 761 4683 in
785 4625 893 4684 eadem
916 4643 1002 4701 ruga,
1027 4622 1172 4683 Giraldus
1195 4623 1233 4683 de
1257 4621 1340 4682 Paris
1364 4622 1396 4683 in

89 4712 210 4787 eadem,
228 4712 421 4774 Guarnerius
437 4713 476 4773 de
495 4712 576 4772 Paris
592 4727 662 4772 ante
679 4727 766 4773 vetus
783 4713 915 4773 berchile
933 4713 971 4772 de
982 4711 1128 4792 Templo,
1139 4711 1310 4772 Herbertus
1326 4727 1395 4772 ante

90 4802 280 4883 probaticam
297 4802 456 4883 piscinam,
470 4801 615 4880 Amilina,
635 4821 712 4863 uxor
728 4802 807 4863 Petri
825 4802 974 4880 Mazonis,
992 4801 1118 4879 ibidem,
1135 4802 1281 4862 Erbertus
1297 4801 1394 4861 Lom-

90 4891 206 4952 bardus
216 4891 254 4951 de
270 4891 367 4952 curtili
379 4908 448 4953 ante
459 4891 695 4972 parmentariam
706 4891 775 4968 si10,
787 4891 908 4952 Duraut
918 4891 1087 4971 Carpenter
1103 4892 1141 4951 de
1157 4891 1269 4953 eodem
1287 4890 1396 4972 curtili,
