3398 5400
284 379 347 439 ²04
844 352 1020 423 Regesta

596 447 833 454 ——--—-——
1345 445 1585 453 ——————-.-

281 591 457 635 antecessor
478 575 561 654 apud
586 575 739 654 quosdam
758 574 861 634 Iratres
877 573 974 634 dictae
991 573 1115 633 militiae
1132 573 1328 653 deposuerat,
1346 572 1472 632 reddere
1490 571 1586 631 dene-

281 680 398 744 garent,
417 662 616 724 Innocentius
633 665 758 724 eosdem
777 663 883 723 litteris
900 679 928 724 et
948 682 1002 743 per
1018 662 1238 723 Sidoniensem
1255 677 1283 722 et
1300 661 1488 723 Biblieusem
1506 660 1587 742 epis-

282 772 378 833 copos
401 753 562 833 compulit,
588 769 621 814 ut
644 752 809 833 pecuniam
833 752 1005 830 redderent,
1030 752 1094 829 sed,
1119 751 1198 812 sicut
1221 772 1257 811 ex
1281 751 1408 812 fratrum
1432 750 1587 811 dictorum

282 842 419 923 epistolis
436 859 464 902 et
481 862 534 903 ore
557 843 741 903 nuntiorum
765 841 922 920 coguovit,
947 841 1113 923 episcopus
1136 840 1340 918 Sidoniensis,
1365 859 1438 900 cum
1454 840 1493 900 de
1510 854 1588 899 terra

282 931 489 1009 Antiochena,
508 932 561 993 ubi
578 951 636 1013 pro
653 930 734 992 bello
752 931 831 991 inter
846 931 1018 1013 principem
1036 930 1220 992 Antiochiae
1237 945 1267 991 et
1283 931 1450 991 soldanum
1460 928 1588 1010 Alapiae

282 1037 388 1082 exorto
406 1020 597 1100 aliquamdiu
615 1021 798 1081 commorati
815 1037 911 1096 erant,
929 1020 1064 1082 redirent
1080 1037 1108 1081 et
1125 1021 1259 1100 quadam
1276 1020 1325 1080 die
1343 1018 1449 1081 Martis
1464 1018 1587 1100 Tyrum

283 1110 497 1192 applicassent,
522 1110 565 1171 eis
581 1127 764 1190 sequentem
782 1109 865 1170 diem
881 1109 964 1171 lovis
981 1110 1149 1171 terminum
1173 1109 1346 1188 assignavit,
1364 1128 1429 1189 quo
1447 1108 1484 1169 de
1501 1121 1588 1167 ante-

283 1200 361 1261 dicta
378 1200 509 1280 pecunia
526 1199 759 1280 responderent.
785 1198 895 1274 Quum
912 1219 985 1261 vero
1006 1199 1158 1278 magister,
1175 1198 1364 1279 quibusdam
1381 1196 1513 1277 negotiis
1530 1197 1588 1256 im-

283 1289 414 1371 peditus,
433 1289 457 1349 II
474 1289 578 1350 fratres
595 1289 728 1350 idoneos
752 1289 892 1365 misisset,
910 1290 1034 1349 absente
1051 1287 1198 1370 episcopo
1215 1288 1372 1366 Bibliensi,
1390 1288 1491 1349 dictus
1507 1285 1588 1366 epis-

283 1398 381 1459 copus
404 1377 613 1460 proclamavit,
637 1399 679 1454 se,
702 1378 759 1439 nisi
784 1378 862 1439 dicta
878 1379 1011 1459 pecunia
1027 1379 1064 1439 ad
1083 1378 1257 1458 proximam
1274 1377 1471 1439 Dominicam
1488 1374 1590 1436 solnta

283 1468 383 1544 fuerit,
401 1487 511 1528 omnes
529 1468 633 1529 fratres
649 1467 773 1548 Templi
790 1466 862 1528 citra
879 1483 909 1529 et
926 1467 1003 1528 ultra
1023 1487 1106 1528 mare
1128 1486 1303 1547 eorumque
1326 1466 1442 1527 anticos
1464 1484 1589 1526 excom-

284 1557 516 1618 municaturum
533 1577 608 1618 esse.
642 1556 714 1632 Qua
730 1557 768 1618 de
785 1577 875 1618 causa
892 1556 935 1618 illi
953 1557 976 1617 ll
995 1557 1098 1618 fratres
1121 1561 1230 1618 Accon
1253 1557 1385 1638 appulsi,
1403 1575 1483 1636 quae
1506 1569 1588 1634 gesta

286 1647 421 1724 luerunt,
433 1647 579 1726 magistro
592 1663 801 1722 narraverunt,
813 1646 911 1725 ethic,
923 1666 996 1707 cnm
1007 1646 1176 1727 patriarcha
1187 1647 1315 1726 negotio
1326 1660 1506 1727 pertractato
1517 1663 1587 1705 cum

283 1736 655 1817 episcopoTiberiadeusi
667 1755 856 1816 componere
873 1736 1041 1812 constituit,
1058 1735 1223 1817 episcopus
1239 1756 1312 1797 vero
1329 1734 1523 1796 Sidoniensis
1541 1732 1589 1794 die

284 1825 449 1887 Dominica
465 1826 498 1886 in
515 1825 640 1886 ecclesia
664 1825 695 1886 S.
713 1825 822 1887 Crucis
839 1826 1013 1886 Acconensi
1032 1825 1137 1886 fratres
1153 1825 1279 1908 Templi
1299 1823 1588 1887 excommunicavit.

284 1915 388 1994 Itaque
409 1915 608 1976 Innocentius
624 1914 801 1996 supradicto
825 1915 984 1975 Monacho
1008 1915 1163 1996 praecipit,
1187 1931 1230 1993 ut,
1249 1914 1394 1995 inquisita
1411 1911 1589 1993 diligentius

283 2005 417 2083 veritate,
442 2006 480 2064 ab
504 2005 686 2066 executione
710 2003 893 2085 pontificalis
914 2003 1009 2065 officii
1032 2004 1149 2065 dictum
1167 2005 1351 2085 episcopum
1366 2003 1484 2064 tamdiu
1503 2001 1590 2063 faciat

284 2113 409 2155 manere
432 2113 632 2175 suspensum,
656 2095 757 2154 donec
779 2114 796 2154 a
819 2093 899 2154 Sede
923 2094 1101 2175 Apostolica
1124 2094 1350 2174 indulgentiam
1375 2107 1590 2172 consequutus

284 2183 376 2244 fuerit
392 2183 514 2259 (Baluze
531 2183 551 2262 I,
574 2203 604 2264 p.
626 2184 808 2263 508—509,
827 2184 886 2244 Nn.
907 2203 986 2263 257;
1012 2184 1119 2262 Migne
1136 2183 1158 2262 l,
1176 2203 1205 2263 p.
1225 2184 1410 2261 816-818,
1427 2182 1489 2242 No.
1509 2201 1525 2242 2
1533 2199 1588 2260 573

285 2272 431 2351 Potthast,
448 2272 509 2333 Νο.
529 2273 612 2352 905).
629 2266 639 2356 Η
655 2271 745 2347 Quae
762 2272 818 2333 hac
835 2272 962 2354 epistola
980 2289 1150 2351 narrantur,
1173 2272 1326 2335 chronicis
1349 2272 1500 2333 illustrare
1524 2288 1588 2331 non

284 2381 461 2444 possumus.
1521 2355 1590 2418 764

348 2475 437 2537 1199
454 2478 673 2558 Dec.r5-31.
685 2477 836 2538 Laterani.
853 2511 889 2521 -
903 2477 1103 2539 Innocentius
1114 2477 1150 2539 III
1161 2477 1271 2554 (Leoni
1281 2478 1325 2556 Il),
1337 2476 1401 2556 regi
1412 2475 1588 2553 Armeniae,

285 2567 421 2642 mandat,
445 2584 479 2628 ut
502 2582 634 2628 castrum
659 2568 778 2629 Gaston
793 2568 812 2645 ¹)
837 2567 978 2628 fratribus
1001 2567 1126 2648 Templi
1150 2568 1297 2645 restituat,
1321 2567 1408 2648 quod
1424 2566 1463 2627 de
1480 2564 1546 2642 jure
1563 2580 1591 2626 et

285 2658 352 2718 siue
368 2656 420 2718 lite
438 2657 647 2738 possederant,
672 2657 773 2717 donec
797 2657 869 2717 inde
893 2656 1117 2738 expellerentur
1133 2679 1150 2718 a
1167 2657 1336 2736 Saracenis,
1360 2656 1392 2716 hi
1415 2673 1489 2716 vero
1507 2671 1590 2715 metu

286 2766 395 2827 regum
413 2746 653 2807 christianorum
675 2746 706 2806 in
722 2746 852 2807 Terram
876 2746 1019 2807 Sanctam
1042 2746 1254 2827 proiectorum
1277 2747 1490 2807 deseruerunt.
1516 2743 1591 2819 Quo

287 2837 365 2898 facto
382 2836 482 2897 dictus
498 2855 551 2896 rex
567 2836 650 2897 idem
667 2852 800 2897 castrum
812 2835 1035 2897 habitatoribus
1045 2855 1179 2897 vacuum
1189 2835 1351 2916 occupavit
1361 2852 1389 2896 et
1400 2852 1591 2915 quamquam

285 2947 302 2986 a
319 2925 464 3004 magistro
474 2925 611 3007 Templi,
629 2925 747 2986 nuntiis
764 2925 950 3006 patriarchae
967 2941 995 2986 et
1011 2925 1159 3006 principis
1175 2925 1374 3003 Antiocheni,
1391 2923 1512 2985 comitis
1522 2922 1592 2984 Tri-

286 3015 414 3097 politani
432 3029 461 3076 et
477 3015 709 3077 communitatis
725 3014 939 3076 Antiochenae
956 3030 1081 3093 rogatus
1104 3015 1232 3076 reddere
1256 3014 1367 3092 noluit,
1390 3013 1502 3075 nuntio
1521 3030 1592 3073 vero

287 3103 430 3166 ecclesiae
456 3104 616 3166 Romanae
641 3103 814 3187 proposuit,
839 3119 973 3165 castrum
990 3105 1093 3185 Ipsum
1110 3104 1249 3183 Milonis,
1266 3104 1428 3185 quondam
1447 3101 1592 3163 avunculi

286 3194 373 3271 sui,²)
386 3193 488 3271 luisse,
505 3214 601 3274 seque
612 3193 689 3256 illud
700 3195 738 3255 de
749 3193 894 3255 manibus
906 3193 1146 3256 Sarracenorum
1156 3194 1341 3255 liberavisse.
1360 3193 1465 3273 Itaque
1476 3192 1593 3253 dictum

287 3301 391 3362 regem
407 3299 524 3359 monet,
536 3300 570 3345 ut
585 3283 662 3346 illud
677 3299 811 3345 castrum
827 3284 941 3361 reddat,
958 3299 997 3361 et,
1014 3283 1039 3343 si
1055 3282 1191 3364 aliquam
1202 3283 1417 3364 quaestionem
1434 3283 1471 3343 de
1483 3281 1593 3343 eodem

287 3391 463 3455 proponere
480 3372 561 3451 velit,
580 3373 712 3435 incuria
729 3373 881 3433 Romania
903 3372 965 3433 sive
983 3392 1038 3453 per
1052 3372 1169 3452 legatos
1186 3372 1383 3453 Apostolicos
1399 3372 1433 3432 in
1449 3370 1593 3452 proximo

286 3461 532 3524 transfretaturos
547 3482 578 3523 se
591 3461 736 3541 justitiam
752 3462 809 3544 ipsi
826 3462 1035 3523 exhibiturum
1048 3482 1124 3540 esse,
1136 3462 1298 3544 pollicetur
1309 3461 1432 3539 (Baluze
1443 3460 1465 3540 I,
1477 3480 1507 3542 p.
1523 3479 1592 3540 510,

287 3554 348 3614 No.
369 3572 448 3633 2593
468 3552 574 3633 Migne
592 3552 613 3632 I,
631 3573 660 3634 p.
680 3554 866 3631 819—820,
883 3553 944 3614 No.
964 3571 1043 3631 259,
1061 3553 1207 3630 Potthast,
1225 3553 1285 3613 Nu.
1304 3553 1388 3631 929).
1525 3545 1593 3608 765

363 3657 387 3736 ί).
402 3654 552 3736 Saladinus
574 3671 669 3709 arcem
691 3656 802 3711 Gaston
822 3654 972 3725 (Baghrds)
993 3653 1126 3709 fratribus
1140 3653 1256 3726 Templi
1270 3652 1372 3725 eripuit
1386 3654 1419 3708 aa
1432 3652 1511 3724 Sept.
1530 3650 1594 3732 rtS8

288 3727 447 3808 (lidhncht,
461 3728 547 3782 Bettr.
562 3727 580 3795 I,
594 3744 621 3797 p.
640 3727 785 3796 ror-162,
803 3726 879 3798 187),
902 3727 937 3781 de
951 3725 1010 3781 aliis
1023 3725 1256 3806 possessionibus
1270 3723 1384 3806 Templi
1398 3723 1594 3805 et‘Hospitalts

288 3812 388 3869 captis,
407 3811 481 3853 mter
501 3815 572 3898 quas
594 3810 800 3853 enumerantur
813 3811 904 3853 castra
919 3797 1006 3869 Rupis
1020 3797 1154 3852 Willelmt
1169 3810 1196 3852 et
1210 3798 1297 3868 Rupis
1310 3796 1441 3866 RuIssolr,
1462 3795 1497 3903 cs,
1512 3796 1594 3921 Ἠὲς

287 3871 447 4010 Ital&
461 3869 1521 4023 tt.t‚⁸tl.tl{³,¹¹lta¹³ttlatiales·ltattlttttliratast,
1534 3951 1594 3993 um

288 4029 357 4068 vero
372 4025 504 4085 apostata
517 4013 547 4082 (†
565 4015 651 4086 1175),
672 4013 781 4084 dequo
796 4011 885 4068 fustus
900 4024 992 4085 agitur
1011 4029 1038 4066 tn
1059 4013 1105 4067 IIu
1119 4013 1228 4084 Cange,
1248 4013 1304 4066 Les
1317 4010 1437 4066 famtlles
1456 4011 1500 4065 ed.
1514 4010 1547 4064 E.
1562 4010 1594 4063 G.

289 4086 359 4158 lley,
371 4103 398 4157 p.
418 4085 563 4158 tto-119.

333 4194 646 4276 (s.xtt-xt11).-
663 4198 782 4280 Symon
800 4197 960 4259 Rossellus
976 4197 1014 4258 de
1034 4197 1189 4257 Laheores
1212 4195 1348 4257 abbatiae
1372 4196 1410 4256 de
1434 4194 1595 4256 Bonoloco

289 4307 386 4371 prope
405 4288 637 4368 Noviomagum
654 4287 736 4365 sitae,
753 4285 841 4366 cujus
857 4306 947 4348 soror
963 4287 1060 4367 ipsius
1076 4285 1138 4346 lilia
1155 4285 1230 4346 facta
1242 4285 1349 4363 fuerat,
1362 4285 1517 4365 quosdam
1527 4284 1596 4344 red-

289 4378 371 4439 ditus
388 4393 483 4439 terrae
499 4398 573 4439 suae
591 4378 629 4439 de
646 4376 828 4439 Germeiues
852 4376 993 4437 concedit
1016 4395 1137 4456 suoque
1155 4391 1184 4436 et
1200 4373 1422 4456 archiepiscopi
1446 4370 1596 4434 Nazareni

289 4487 415 4529 necnon
426 4467 563 4550 episcopi
574 4466 766 4529 Acconensis
782 4465 888 4545 sigillis
899 4465 1070 4527 confirmat.
1088 4465 1119 4526 S.
1131 4465 1150 4525 l.
1163 4479 1228 4525 eta.
1248 4464 1350 4542 (Paris,
1361 4463 1455 4525 Arch.
1468 4462 1594 4538 nation,

289 4557 319 4619 S.
338 4577 435 4638 4411,
453 4557 514 4619 No,
539 4557 595 4635 ιο).
1527 4548 1597 4611 766

333 4674 369 4752 (s.
386 4668 583 4750 XII—XIII).
594 4672 799 4750 —Edictum,
812 4691 876 4752 quo
887 4671 1010 4732 Archali
1028 4670 1191 4733 Merchino
1205 4669 1225 4746 ¹)
1242 4668 1378 4746 mandat,
1396 4683 1429 4729 ut
1446 4666 1548 4728 Pisani
1565 4667 1596 4727 in

290 4781 367 4826 terra
380 4763 511 4845 Aegypti
529 4763 685 4824 constituti
703 4782 774 4823 cum
787 4761 922 4823 fundaco
933 4759 1136 4822 Alexandriae
1154 4757 1488 4839 restaura10,bonisac
1506 4755 1596 4839 privi-

364 4925 385 4990 ¹)
405 4921 572 4977 Praefectus
585 4918 793 4976 Alexandriae?
