3398 5400
267 392 308 439 72
833 365 1008 437 Regesta

315 584 405 644 1153
423 584 508 664 Mai,
525 586 588 647 ind.
600 586 621 647 l.
639 620 683 629 -
699 586 879 664 Rainaldus
897 585 1040 668 princeps
1057 587 1283 666 Antiochenus,
1301 608 1372 649 cum
1390 588 1576 651 Constantia

267 695 374 752 uxore,
385 676 562 736 Boamundi
580 674 793 752 iuniorisfilia‚
804 676 931 737 Venetis
948 675 1026 737 fines
1036 677 1220 737 Antiochiae
1236 678 1469 740 transeuntibus
1486 693 1517 739 et
1533 677 1577 739 ibi

265 764 464 826 manentibus
488 765 742 844 consuetudines,
766 785 844 845 quas
861 765 1015 846 principes
1035 767 1263 827 Bohemundus
1280 767 1399 848 primus
1416 783 1446 828 et
1461 787 1576 829 secun-

266 855 336 932 dus,
353 854 537 914 Tancredus
552 870 582 914 et
598 854 796 916 Raimundus
811 855 831 931 ¹)
851 854 1050 933 donaverant,
1066 855 1238 931 confirmat,
1254 856 1431 936 portorium
1447 857 1575 936 minuit,

266 943 361 1005 fidem
384 963 419 1004 ac
441 942 570 1004 tutelam
593 943 743 1024 promittit
766 962 891 1005 necnon
913 943 1041 1004 liberam
1064 944 1183 1006 curiam
1208 944 1239 1006 S.
1258 946 1352 1006 Marci
1378 946 1411 1007 in
1437 945 1576 1007 funditio

267 1033 477 1110 Antiocheno,
494 1032 635 1111 exigente
647 1033 815 1095 Dominico
832 1034 922 1094 Bono
933 1035 1064 1108 Venet0,
1081 1034 1182 1112 sigillo
1199 1033 1373 1095 confirmat.
1390 1035 1574 1111 Gaufridus,

266 1121 467 1183 cancellarius
484 1121 631 1203 principis
646 1122 776 1202 scripsit.
794 1157 838 1165 -
854 1122 1013 1183 Renaldus
1030 1124 1068 1184 de
1086 1125 1214 1202 Margat.
1232 1123 1371 1185 Garento
1396 1126 1435 1185 de
1460 1124 1575 1202 Saona,

268 1211 433 1289 Robertus,
457 1210 540 1271 filius
556 1211 716 1287 Gaufredi,
741 1211 896 1273 Galterius
912 1211 950 1272 de
967 1211 1144 1273 Surdavalle
1161 1227 1191 1272 et
1208 1213 1373 1287 Robertus‚
1397 1212 1479 1274 filius
1497 1213 1574 1291 ejus,

266 1298 549 1361 Archembaldinus
565 1300 821 1379 constabularius,
839 1301 934 1382 Hugo
952 1302 990 1361 de
1005 1301 1124 1377 Bolera‚
1135 1302 1317 1363 Tancredus
1328 1301 1473 1379 Frenelli,
1492 1304 1576 1364 Mar-

266 1389 351 1451 tinus
368 1390 405 1450 de
424 1390 551 1470 Margat‚
578 1390 643 1449 leo
661 1389 812 1470 Majopoli
828 1392 901 1466 dux,
926 1390 1079 1451 Martinus
1095 1389 1225 1466 Galnus,
1252 1391 1360 1453 Petrus
1376 1393 1574 1453 camerarius.

270 1513 307 1522 -
327 1478 451 1541 Gabriel
470 1479 628 1558 Paulinus,
647 1479 786 1540 notarius
802 1495 832 1540 et
849 1479 966 1540 ducalis
982 1480 1069 1540 aulae
1089 1480 1251 1541 Veneticae
1269 1480 1480 1555 cancellarius,
1499 1481 1575 1542 vidit

268 1584 297 1630 et
313 1567 523 1629 corroboravit
533 1569 571 1629 de
587 1569 734 1629 mandato
744 1569 848 1630 Jacobi
859 1569 1006 1649 Teupuli,
1026 1569 1112 1630 ducis
1123 1569 1271 1644 Venetici,
1287 1590 1371 1630 anuo
1385 1570 1576 1632 MCCXLVI

268 1678 374 1719 mense
401 1656 485 1734 Maio
511 1657 680 1719 indictione
704 1657 744 1718 lV
761 1658 794 1718 in
817 1656 930 1738 palatio
954 1659 1083 1718 ducatus
1100 1659 1244 1719 Venetiae
1271 1658 1369 1733 (Tafel
1378 1660 1534 1720 -Thomas
1553 1660 1575 1736 l,

267 1767 297 1828 p.
323 1767 504 1827 133—135,
522 1748 582 1807 No.
604 1766 660 1826 55;
685 1747 723 1809 cf.
742 1747 890 1808 Archives
906 1748 936 1808 d.
955 1748 1038 1808 miss.
1056 1747 1184 1809 scientif.
1208 1750 1300 1827 1857,
1318 1769 1347 1828 p.
1368 1769 1383 1828 3
1391 1750 1451 1829 51).
1502 1747 1575 1808 282

343 1852 363 1912 ¹)
382 1848 461 1903 Haec
474 1846 617 1919 privilegia
630 1865 691 1904 non
705 1860 817 1903 exstant
830 1849 867 1919 (T
869 1847 1081 1918 asel-Thomas,
1095 1848 1149 1902 No.
1164 1865 1206 1919 27,
1220 1866 1262 1921 31,
1274 1853 1330 1918 42).

350 1996 370 2027 „
415 1950 528 2012 Octob.
542 1953 592 2013 28.
610 1984 654 1995 —
671 1951 869 2029 Wlillelmus)
882 1952 919 2012 de
931 1951 1020 2012 Buris
1031 1950 1185 2032 Hospitali
1201 1952 1334 2032 plateam
1351 1968 1447 2013 totam
1463 1952 1575 2014 domui

269 2040 439 2122 Hospitalis
464 2040 598 2102 vicinam
614 2060 715 2120 usque
734 2043 773 2102 ad
797 2043 929 2102 domum
953 2040 1043 2116 Petri,
1060 2039 1164 2119 generi
1181 2040 1332 2102 Johannis
1350 2041 1521 2118 Veniciani‚
1547 2059 1576 2103 et

268 2131 377 2191 Petrus
402 2129 594 2192 Godelridus
625 2130 726 2191 eidem
758 2132 890 2192 domum
916 2150 1005 2190 suam
1031 2129 1183 2209 Hospitali
1208 2130 1341 2191 vicinam
1367 2151 1438 2192 cum
1465 2132 1575 2212 platea,

269 2220 402 2280 domum
419 2236 448 2280 et
464 2218 569 2280 cortile
585 2219 736 2280 Johannis
752 2219 846 2281 Bufle
863 2236 893 2280 et
908 2218 1026 2280 curiam
1036 2218 1168 2279 Rosselli
1179 2220 1311 2280 Buhceri
1323 2222 1428 2281 donat.
1438 2255 1482 2264 —
1494 2221 1576 2283 Gro-

269 2309 420 2387 mundus,
444 2308 542 2369 Louis
557 2308 711 2387 Burellus,
735 2311 890 2370 Robertus
907 2309 945 2369 de
960 2308 1067 2382 Turci‚
1085 2307 1243 2369 Guarinus
1260 2311 1298 2370 de
1314 2309 1410 2388 Belei,
1427 2311 1575 2387 Ubertus,

269 2398 445 2459 Aimericus
461 2398 500 2458 de
517 2399 617 2476 Porta,
635 2396 789 2475 Albanus,
806 2398 999 2475 Guollerius,
1017 2398 1167 2459 Girardus
1183 2398 1221 2458 de
1238 2398 1268 2459 S.
1279 2399 1405 2475 lacobo,
1416 2399 1577 2480 Vivianus,

269 2487 443 2549 Balduinus
459 2488 497 2548 de
514 2487 622 2565 Rama,
639 2488 777 2568 Esquare
794 2487 892 2565 miles,
909 2487 1083 2548 Aimericus
1100 2487 1258 2561 (Delaville
1274 2486 1303 2548 le
1320 2487 1434 2566 Roulx,
1446 2509 1476 2570 p.
1488 2509 1574 2567 90—

271 2599 324 2656 91,
341 2578 402 2638 No.
426 2598 463 2656 14
481 2574 529 2656 [cf.
546 2597 577 2659 p.
601 2574 666 2656 15];
691 2578 793 2654 Prutz‚
811 2597 841 2658 p.
859 2598 912 2657 95,
933 2577 993 2638 No.
1018 2575 1074 2657 13).
1091 2614 1100 2658 t
1122 2577 1156 2636 ln
1173 2577 1267 2637 dorso
1283 2576 1411 2657 legitur:
1430 2578 1522 2640 Carta
1539 2578 1578 2640 de

270 2667 372 2745 bonis,
389 2685 467 2745 quas
483 2665 545 2743 (sic)
562 2665 646 2727 dedit
656 2666 709 2726 W.
727 2667 765 2727 de
781 2667 871 2728 Buris
890 2667 973 2747 apud
990 2665 1163 2726 Tiberiadis
1179 2685 1289 2746 nuper.
1506 2665 1578 2727 283

352 2828 371 2859 „
418 2827 426 2858 ‚
452 2782 517 2843 ind.
534 2781 612 2843 Xlll.
637 2781 903 2863 (Hierosolymis?)
923 2815 968 2825 —
984 2782 1138 2843 Robertus
1154 2782 1192 2842 de
1216 2782 1384 2843 Frandolio
1407 2784 1578 2845 conventui

271 2871 302 2933 S.
319 2870 425 2932 lazari
442 2869 572 2951 ejusque
589 2871 736 2950 magistro
752 2872 993 2934 Bartholomaeo
1009 2890 1165 2932 consensu
1181 2871 1310 2950 Agnetis
1326 2871 1441 2945 uxoris,
1460 2877 1578 2934 Aman-

271 2960 344 3038 risii,
362 2959 503 3030 Galfridi,
521 2960 665 3038 Alberici,
683 2960 841 3023 Gnidonis
857 2960 1006 3036 filiorum,
1032 2962 1203 3022 Maxendae
1220 2977 1249 3021 et
1265 2961 1424 3023 Ysabellae
1442 2961 1578 3024 filiarum

271 3050 394 3111 vineam
411 3050 517 3111 vineae
540 3049 611 3110 dicti
635 3067 808 3111 conventus
832 3049 1031 3127 conjunctam
1048 3066 1077 3111 et
1093 3065 1163 3110 ante
1181 3050 1319 3127 ejusdem
1337 3052 1470 3112 domum
1487 3052 1578 3112 sitam

271 3138 338 3218 jure
363 3138 548 3200 hereditario
572 3140 791 3221 possidendam
818 3140 920 3219 sigillo
944 3140 1130 3221 patriarchae
1154 3139 1325 3201 confirmat.
1343 3174 1385 3183 —
1403 3139 1581 3202 Alexander

270 3228 452 3311 Apuliensis
469 3228 656 3309 capellanus,
668 3229 814 3290 Albertus
825 3230 1032 3306 Lumbardus,
1043 3228 1201 3291 Galfridus
1212 3229 1249 3290 de
1260 3229 1413 3308 Turonia,
1425 3230 1579 3292 Geraldus

270 3317 467 3394 Aldenarius,
479 3317 633 3380 Galterius
644 3319 682 3379 de
693 3319 799 3379 Fracta
811 3317 906 3393 Mola,
917 3319 1170 3397 consanguineus
1187 3319 1308 3379 domini
1324 3319 1463 3395 Roberti,
1481 3320 1578 3399 Hugo

270 3409 358 3469 Bona
370 3409 486 3485 Mente,
498 3408 669 3469 Rainaldus
685 3407 723 3468 de
740 3407 771 3469 S.
781 3409 929 3486 Georgia,
946 3409 1043 3487 Hugo
1054 3410 1092 3468 de
1103 3408 1228 3468 Aulano
1245 3424 1274 3468 et
1290 3407 1396 3469 fratres
1413 3408 1483 3469 dicti
1501 3428 1578 3471 con-

271 3512 399 3557 ventus:
417 3495 587 3558 Rainaldus
605 3497 758 3573 Karettus,
775 3497 935 3559 Guarinus
952 3497 1063 3571 Rufus,
1075 3497 1232 3559 Gerardus
1243 3502 1427 3558 Amorosus.
1448 3498 1578 3559 Factum

271 3585 441 3735 &leherii
462 3586 631 3752 patriprcha
654 3602 684 3647 et
706 3587 861 3647 Balduino
881 3586 917 3646 lll
941 3606 1012 3665 rege
1039 3586 1196 3663 (Archives
1213 3587 1251 3647 de
1266 3585 1400 3647 l‘Oriem
1415 3585 1490 3647 latin
1506 3587 1579 3736 1218B4,

271 3695 300 3757 p.
325 3695 394 3756 131,
443 3696 473 3737 o.
498 3696 528 3736 rt
548 3723 555 3736 .

320 3778 410 3840 1154
425 3782 503 3860 lan,
521 3781 584 3843 ind.
597 3781 617 3842 l.
634 3815 678 3826 —
695 3781 883 3843 Guillelmus
899 3782 1005 3861 Niger,
1024 3782 1175 3843 Martinus
1193 3782 1230 3842 de
1248 3783 1370 3858 Mauro,
1388 3781 1579 3845 Guillelmus

270 3871 395 3948 Lusius,
413 3871 559 3932 consules
575 3871 791 3947 lanuensium,
809 3870 915 3950 Ugoni
932 3872 1094 3932 Embriaco
1111 3888 1140 3932 et
1157 3871 1286 3931 Nicolao
1304 3871 1384 3932 fratri
1402 3891 1578 3952 eorumque

270 3961 446 4038 heredibus,
472 3977 505 4022 nt
528 3981 585 4041 pro
608 3961 772 4022 communi
788 3961 903 4021 lanuae
920 3982 937 4020 a
954 3960 1032 4022 festo
1053 3961 1276 4042 purificationis
1300 3980 1399 4040 usque
1423 3962 1460 4021 ad
1476 3962 1578 4023 XXIX

270 4070 370 4111 annos
387 4050 574 4130 possideant,
592 4051 679 4130 quod
695 4050 790 4110 iidem
807 4049 839 4110 in
857 4049 975 4111 civitate
991 4050 1174 4111 Antiochiae
1198 4064 1313 4127 tenent,
1338 4071 1373 4110 ea
1396 4051 1578 4113 conditione

271 4140 457 4214 concedunt,
484 4154 517 4200 ut
537 4139 668 4219 singulis
691 4139 781 4200 annis
807 4140 920 4200 LXXX
943 4139 1035 4200 libras
1060 4139 1132 4201 inde
1158 4139 1278 4201 solvant
1303 4139 1405 4217 (Liber
1421 4138 1538 4218 jurium
1555 4141 1577 4218 l,

270 4248 300 4310 p.
325 4248 394 4309 172,
412 4229 472 4290 Nn.
497 4230 572 4308 1963
592 4228 628 4290 cf.
647 4228 796 4289 Archives
812 4230 842 4291 d.
860 4229 944 4289 miss.
962 4229 1090 4290 scientis.
1108 4229 1128 4289 l.
1145 4249 1182 4307 c.,
1200 4249 1230 4310 p.
1251 4230 1334 4308 356).
1505 4227 1577 4288 285

353 4392 372 4423 ,,
418 4345 496 4421 lan,
520 4345 584 4406 ind.
601 4345 623 4406 1.
647 4379 689 4387 -
714 4343 809 4405 lident
833 4344 978 4406 consules
1000 4344 1205 4407 lanuensium
1229 4344 1389 4407 Guilelmo
1412 4346 1577 4408 Embriaco

271 4450 370 4497 totum
388 4434 576 4497 Gibelletum
593 4449 631 4511 et,
647 4433 734 4513 quod
752 4453 922 4494 commune
939 4435 1030 4495 habet
1049 4435 1100 4494 «in
1118 4434 1296 4511 Lezhiam»,
1313 4454 1347 4494 ea
1364 4435 1544 4496 conditione
1561 4457 1579 4497 a

272 4523 349 4586 festo
366 4523 589 4605 purificationis
607 4524 638 4584 in
655 4523 756 4584 XXIX
771 4541 872 4583 annos
889 4525 1040 4600 concedit,
1064 4540 1098 4584 ut
1114 4524 1246 4603 singulis
1262 4525 1352 4584 annis
1369 4524 1511 4586 CCLXX
1527 4525 1578 4585 bi-

270 4614 386 4675 santios
403 4629 431 4674 et
447 4612 577 4694 pallium
602 4631 713 4690 unum,
738 4613 824 4693 quod
851 4612 929 4673 valet
952 4613 980 4673 X
1003 4613 1160 4692 bisantios,
1185 4611 1269 4673 altari
1294 4613 1324 4674 S.
1343 4613 1502 4674 Laurentii
1526 4614 1579 4675 det

271 4701 373 4778 (Liber
388 4700 505 4781 jurium
522 4702 543 4779 1,
560 4722 590 4783 p.
615 4721 683 4781 173,
701 4702 762 4762 Νο.
784 4706 864 4780 197).
1505 4700 1578 4764 286

353 4864 372 4896 ,,
418 4819 496 4896 lan,
524 4819 588 4881 ind.
606 4819 628 4880 1.
652 4853 695 4863 -
716 4819 812 4880 lidem
835 4819 980 4880 consules
1002 4817 1206 4879 lanuensium
1232 4818 1337 4897 Ugoni
1361 4818 1525 4881 Embriaco
1549 4837 1579 4882 et

272 4907 403 4971 Nicolao
420 4908 502 4970 fratri
519 4927 574 4991 per
589 4909 673 4971 idem
689 4909 825 4992 spatium
842 4908 1000 4990 temporis,
1017 4909 1104 4988 quod
1125 4927 1294 4969 commune
1315 4908 1521 4970 lanuensium
1544 4911 1578 4972 in
