3398 5400
621 336 700 410 regni
716 337 978 412 Hierosolymitani.
1409 365 1448 425 29

142 560 301 636 Bernardi‚
313 559 450 641 episcopi
461 558 657 641 Tripolitani,
674 559 789 620 inserto
798 559 817 637 ¹)
826 559 989 620 diremtum
1000 579 1066 622 esse
1076 559 1262 621 confirmant
1272 560 1321 639 ita,
1333 576 1367 621 ut
1377 560 1450 621 Phi-

141 649 247 731 lippus
263 649 357 710 dictas
373 649 508 710 decimas
525 649 687 710 renunciet
703 648 797 726 (Paoli
815 649 836 726 l,
855 669 884 730 p.
904 670 934 725 7,
951 650 1011 710 No.
1030 649 1070 725 7).
1383 646 1448 708 117

218 755 236 820 ¹)
256 751 349 822 Supra
363 751 417 805 No.
436 767 491 821 107.

192 842 281 904 1127
299 845 387 906 Febr.
407 846 436 907 8.
462 845 506 920 (ln
524 846 632 906 Monte
649 843 838 923 Peregriuo).
862 877 906 887 —
931 844 1076 922 Pontius,
1101 863 1206 904 comes
1224 843 1448 926 Tripolitanus,

143 954 216 996 cum
234 954 331 997 uxore
341 934 473 997 Caecilia
491 934 644 1016 Hospitali
661 936 757 995 donat
773 933 924 1015 hospitale
941 933 974 993 in
990 934 1099 995 Monte
1116 933 1283 1013 Peregrino
1299 949 1328 994 et
1344 934 1450 995 omnia

142 1024 247 1101 simul,
271 1043 351 1104 quae
372 1023 438 1100 ejus
454 1022 530 1103 juris
553 1039 636 1101 sunt,
660 1023 747 1084 villas
770 1023 898 1084 scilicet:
925 1023 1098 1084 Misdeliam
1123 1042 1195 1083 curn
1212 1023 1404 1103 pertinentiis
1421 1038 1451 1084 et

143 1113 292 1190 terminis,
310 1112 582 1175 sicutBeltrandus
599 1113 683 1194 prior
700 1112 811 1173 melius
827 1114 948 1173 tenebat
965 1129 993 1173 et
1010 1113 1140 1172 habebat
1157 1111 1189 1172 iu
1205 1112 1266 1190 die,
1283 1132 1346 1192 qua
1362 1113 1449 1173 dedi-

143 1218 207 1264 cata
226 1219 271 1264 est
287 1203 413 1264 ecclesia
437 1201 467 1264 S.
484 1203 636 1263 lobannis
659 1203 697 1263 de
720 1201 873 1283 Hospitali
895 1201 927 1262 in
945 1202 1052 1262 Monte
1069 1201 1238 1280 Peregrino
1253 1201 1318 1279 sita,
1337 1202 1450 1263 scilicet

144 1311 243 1372 usque
261 1292 298 1352 ad
316 1292 445 1367 flumen,
463 1293 550 1372 quod
567 1291 709 1353 discurrit
726 1292 764 1352 ad
782 1292 925 1352 Montem
942 1290 1155 1369 Peregrinum,
1172 1306 1201 1351 et
1218 1310 1318 1370 usque
1334 1291 1373 1351 ad
1389 1307 1449 1352 ter-

143 1381 247 1443 minos
257 1381 354 1462 ipsius
364 1381 461 1457 villae,
473 1400 553 1461 quae
565 1381 676 1442 dicitur
687 1380 866 1458 Ardacium,
878 1396 907 1440 et
923 1400 959 1440 ex
976 1380 1033 1440 alia
1044 1396 1127 1460 parte
1139 1399 1239 1460 usque
1250 1380 1288 1441 ad
1299 1381 1449 1442 terminos

143 1470 240 1551 ipsius
256 1471 354 1548 villae,
379 1491 459 1551 quae
476 1470 587 1532 dicitur
604 1471 704 1545 Alma,
729 1486 758 1531 et
775 1489 874 1550 usque
892 1470 930 1530 ad
946 1469 1096 1531 terminos
1112 1468 1210 1548 villae,
1234 1489 1315 1550 quae
1338 1470 1450 1532 dicitur

143 1561 317 1634 Bethsama,
328 1576 357 1620 et
366 1560 465 1638 villae,
483 1580 563 1640 quae
579 1560 691 1621 dicitur
707 1559 907 1638 Bethsedion,
925 1575 955 1620 et
972 1578 1072 1639 usque
1089 1559 1126 1620 ad
1143 1558 1292 1620 terminos
1308 1559 1449 1620 Bethlee-

143 1649 263 1710 miticae
280 1649 378 1726 villae,
403 1669 483 1730 quae
501 1649 613 1710 dicitur
629 1648 846 1729 Ceraphtenie,
872 1648 985 1709 deinde
1002 1649 1097 1709 donat
1116 1649 1213 1729 ipsam
1231 1648 1344 1726 villam,
1369 1668 1449 1729 quae

142 1738 254 1800 dicitur
274 1739 403 1813 Bahani,
419 1739 520 1814 aliam,
543 1758 624 1819 quae
647 1739 758 1799 dicitur
781 1738 991 1814 Cornonium,
1015 1753 1044 1798 et
1060 1738 1146 1799 villas
1162 1737 1296 1816 Coliath,
1321 1738 1448 1816 Aroath,

143 1828 347 1906 Cendianam,
360 1827 472 1889 Villam
489 1828 611 1904 siccam,
623 1828 746 1909 Apiam,
766 1828 934 1906 Durcarbe,
952 1828 989 1888 ad
1007 1843 1124 1888 motam
1141 1827 1179 1888 de
1195 1828 1318 1888 Bochea
1334 1827 1447 1906 villam,

143 1936 222 1997 quae
240 1917 458 1995 diciturBahO,
476 1917 508 1978 in
523 1934 601 1978 terra
618 1918 655 1977 de
674 1917 802 1978 Ralania
812 1917 1016 1997 Theledehep
1032 1931 1061 1977 et
1071 1916 1257 1990 Cartamare‚
1271 1936 1349 1996 quas
1365 1933 1449 1998 pater

142 2007 250 2068 Poncii
261 2007 449 2068 Bertrandus
465 2023 495 2068 et
510 2026 586 2067 avus
602 2004 741 2084 ejusdem
757 2005 965 2087 Raymundus
979 2005 1132 2086 Hospitali
1149 2005 1306 2079 dederant,
1324 2025 1448 2068 necnon

143 2095 301 2174 bisantios,
326 2116 407 2176 quos
430 2096 619 2157 Guillelmus
641 2114 746 2157 comes
768 2096 884 2158 solebat
907 2096 1044 2176 accipere
1067 2095 1105 2156 de
1122 2097 1225 2156 bubus
1241 2094 1448 2157 Susianorum

143 2185 176 2245 in
191 2185 375 2267 supradictis
391 2185 470 2246 villis
485 2185 704 2263 laborantium,
721 2201 814 2246 terras
831 2184 932 2260 etiam,
950 2205 1028 2266 quas
1038 2184 1226 2245 Bertraudus
1243 2200 1271 2245 et
1287 2185 1448 2266 Raymun-

142 2274 202 2335 dus
218 2275 313 2335 iidem
329 2275 526 2336 donaverunt
542 2275 620 2335 ultra
636 2290 764 2355 pontem
782 2273 900 2336 Montis
916 2273 1166 2355 peregrinorum,
1184 2274 1297 2335 deinde
1314 2274 1447 2354 vineam,

143 2379 284 2443 quaeest
300 2362 382 2442 juxta
400 2363 592 2425 cimeterium
618 2364 762 2424 ecclesiae
786 2363 815 2424 S.
832 2364 993 2425 lobannis.
1033 2363 1192 2424 Praeterea
1207 2363 1311 2425 laudat
1327 2379 1355 2424 et
1372 2382 1447 2425 cou-

142 2451 243 2514 firmat
259 2453 392 2515 domum
407 2453 559 2533 optimam
575 2453 608 2514 in
624 2470 715 2534 portu
732 2452 929 2534 Tripolitano
946 2472 1039 2534 supra
1064 2472 1146 2514 mare
1164 2469 1192 2513 et
1208 2472 1354 2534 campum
1378 2469 1448 2514 aute

142 2542 304 2621 civitatem,
328 2543 488 2604 teloneum
509 2543 541 2603 in
561 2558 647 2624 porta
663 2542 857 2622 Tripolitana
874 2558 902 2603 et
919 2543 1016 2623 platea
1033 2543 1220 2603 solvendum
1237 2542 1360 2604 dimittit
1376 2561 1449 2603 cunt

140 2631 311 2708 Bernardo,
328 2632 476 2712 episcopo
493 2631 698 2712 Tripolitan0,
721 2650 877 2692 consensu
895 2632 1035 2693 Durandi
1052 2631 1270 2704 archidiaconi,
1288 2631 1448 2693 Gassionis

142 2721 274 2782 cantoris
298 2737 326 2782 et
350 2720 486 2782 universi
509 2720 653 2782 ecclesiae
676 2721 812 2802 capituli,
836 2740 930 2802 porro
953 2721 1036 2802 apud
1059 2722 1175 2781 Archas
1192 2721 1342 2800 quasdam
1360 2740 1448 2782 man-

141 2810 255 2886 siones,
267 2811 404 2887 hortum,
418 2810 548 2871 furnum
564 2826 593 2871 et
610 2811 743 2886 vineam,
754 2810 837 2892 apud
850 2810 999 2871 Felicium
1016 2809 1223 2888 mansionem,
1241 2809 1265 2870 ll
1282 2810 1354 2872 alias
1365 2811 1448 2891 apud

142 2900 270 2961 Crotum
287 2914 317 2962 et
333 2899 465 2978 vineam,
491 2899 596 2960 omnia
613 2899 714 2978 etiam,
732 2919 811 2979 quae
829 2900 856 2960 ei
876 2900 944 2960 data
961 2898 1087 2961 fuerunt
1102 2899 1134 2959 in
1152 2899 1269 2961 civitate
1285 2900 1447 2977 Tortosae,

141 2989 205 3050 sive
222 2993 255 3050 iu
272 2988 426 3051 territorio
450 2987 516 3066 ejus
536 2988 599 3049 sive
616 2988 648 3048 in
666 3006 775 3066 castro,
792 2989 879 3069 quod
897 2988 1008 3050 dicitur
1024 2988 1144 3064 Kamel,
1169 2989 1272 3050 laudat
1288 3004 1318 3050 et
1333 2988 1448 3051 confir-

142 3094 214 3158 mat,
232 3078 410 3160 praesertim
427 3078 618 3154 molendina,
643 3097 722 3158 quae
746 3093 818 3139 sunt
841 3078 925 3160 apud
943 3079 1061 3139 Kamel.
1102 3076 1197 3138 Villas
1213 3097 1287 3140 vero
1304 3079 1448 3159 superius

141 3168 326 3244 nominatas,
343 3185 437 3228 terras
454 3184 483 3228 et
499 3167 566 3243 alia,
585 3187 664 3246 quae
680 3168 869 3229 Bertrandus
885 3182 914 3227 et
932 3167 1139 3249 Raymundus
1156 3167 1308 3229 dederunt
1324 3168 1357 3229 in
1375 3168 1447 3229 civi-

140 3273 198 3318 tate
215 3257 278 3318 sive
293 3256 447 3318 territorio
459 3256 615 3331 Rafaniae,
633 3258 728 3317 donat
738 3273 766 3317 et
779 3256 892 3333 laudat,
904 3256 982 3318 sicut
999 3257 1031 3318 in
1047 3258 1149 3318 charta
1165 3257 1286 3335 legitur,
1311 3257 1447 3338 denique

139 3346 261 3408 vineam
272 3346 355 3427 apud
367 3346 578 3421 Kalaracham,
590 3346 627 3406 de
639 3365 700 3425 qua
711 3362 824 3406 exeunt
834 3345 984 3427 Hospitali
997 3348 1023 3408 C
1036 3345 1129 3422 jarrae
1146 3348 1184 3409 de
1201 3346 1285 3424 vino,
1302 3363 1331 3408 et
1346 3362 1446 3408 totum

139 3437 272 3512 donum,
289 3436 378 3516 quod
395 3482 502 3497 ......
523 3435 675 3516 Hospitali
692 3456 708 3495 a
726 3436 895 3497 baronibus
912 3437 1032 3496 comitis
1049 3436 1112 3497 sive
1128 3438 1165 3496 ab
1182 3434 1248 3496 aliis
1264 3436 1447 3498 hominibus

139 3541 279 3606 tempore
295 3525 536 3587 consecrationis
551 3523 695 3586 ecclesiae
712 3523 742 3586 S.
760 3525 911 3585 lobannis
923 3525 1084 3605 Baptistae,
1101 3545 1181 3605 quae
1198 3541 1242 3586 est
1258 3526 1342 3606 apud
1353 3527 1446 3586 Mou-

138 3630 201 3675 tem
227 3615 428 3693 Peregrinum
448 3661 554 3676 ......
580 3613 705 3691 (factum
728 3630 772 3675 est
795 3614 827 3675 in
853 3614 1033 3694 praesentia)
1058 3615 1224 3689 Bernardi‚
1249 3614 1446 3696 Tripolitani,

139 3703 275 3778 Geraldi,
293 3703 519 3780 Ralauiensis1)
537 3720 565 3765 et
583 3703 772 3784 Raymundi,
789 3703 967 3783 Tortosani,
984 3705 1216 3785 episcoporum.
1235 3738 1276 3746 -
1300 3704 1445 3782 Poncius,

138 3792 478 3875 comesTripolitanus,
491 3793 545 3873 qui
556 3793 635 3853 hanc
652 3809 763 3853 cartam
782 3791 845 3853 lieri
864 3791 950 3868 jussit
966 3809 1116 3875 tempore,
1128 3813 1194 3874 quo
1211 3809 1386 3855 consecrata
1402 3808 1447 3855 est

139 3883 264 3944 ecclesia
288 3881 318 3944 S.
336 3883 487 3943 Johannis
512 3881 628 3943 Montis
651 3881 825 3962 Peregrini,
850 3881 991 3958 Caecilia,
1016 3882 1170 3943 comitissa
1194 3898 1222 3943 et
1247 3902 1334 3956 uxor,
1366 3883 1446 3963 regis

138 3972 329 4034 Francorum
347 3970 418 4048 filia,
438 3971 591 4052 Rogerius
608 3971 864 4045 constabularius,
882 3973 989 4033 Petrus
1005 3972 1043 4032 de
1060 3972 1159 4034 Podio
1177 3971 1344 4049 Laurentii,
1356 3971 1446 4034 Guil-

137 4061 250 4123 lelmus
274 4061 312 4122 de
328 4061 490 4137 Verdun0,
517 4059 652 4122 Poncius
678 4061 715 4121 de
741 4060 814 4136 Fos,
839 4061 1047 4142 Raymundus
1073 4061 1110 4122 de
1137 4061 1322 4137 Cartellano,
1349 4062 1446 4142 Hugo

138 4149 359 4226 Ebraiaceusis,
370 4150 547 4211 Bernardus
564 4151 601 4211 de
618 4150 958 4230 Congus10,Geraldus
974 4151 1012 4212 de
1030 4150 1129 4229 Ussel,
1147 4150 1282 4211 Poncius
1295 4150 1444 4228 Umbeni,

138 4239 327 4303 Guillelmus
344 4239 485 4320 scriptor,
502 4240 556 4320 qui
573 4255 686 4300 cartam
703 4239 823 4320 scripsit
841 4240 925 4320 apud
944 4241 1086 4301 Montem
1103 4240 1317 4320 Peregrinum,
1335 4240 1445 4302 Domi-

137 4417 237 4501 posita
260 4434 289 4480 et
311 4434 416 4499 postea
440 4418 471 4478 in
495 4438 608 4480 manus
632 4417 821 4499 Raymundi,
843 4417 953 4498 prioris
976 4418 1154 4499 Hospitalis,
1178 4421 1216 4480 ab
1238 4418 1307 4501 ipso
1333 4418 1445 4480 comite

136 4508 246 4570 tradita
261 4523 306 4569 est
322 4507 371 4568 die
396 4523 425 4569 et
447 4527 532 4569 auno
554 4527 620 4588 quo
644 4526 736 4587 supra
760 4507 855 4583 (Pauli
872 4508 893 4587 l,
911 4527 940 4588 p.
966 4528 1101 4586 11—12,
1120 4509 1180 4570 No.
1205 4528 1258 4584 113
1276 4508 1314 4570 cf.
1331 4529 1361 4590 p.
1379 4527 1445 4587 470

137 4612 168 4660 et
182 4617 275 4679 supra
292 4598 352 4659 No,
377 4597 455 4673 108).
1379 4595 1445 4657 118

212 4701 230 4764 ¹)
249 4699 293 4753 De
308 4716 367 4770 quo
381 4697 518 4753 Rubrieht
530 4696 559 4752 in
572 4697 683 4752 ZDPV.
697 4697 732 4767 X,
745 4715 772 4769 p.
787 4717 828 4770 29·

219 4839 238 4871 „
287 4795 371 4873 Dec,
389 4793 443 4855 ind
454 4794 504 4856 Vl.
529 4792 712 4855 Antiochiae
730 4793 761 4854 in
778 4812 897 4854 camera
914 4792 1112 4874 patriarchae.
1128 4827 1171 4836 —
1187 4794 1393 4855 Boamundus
1409 4794 1443 4872 ll,

137 4882 282 4965 princeps
292 4883 519 4960 Antiocheuus,
531 4883 749 4963 Janueusibus,
766 4902 846 4963 quae
862 4882 959 4964 ipsius
976 4899 1060 4964 pater
1074 4882 1303 4945 Boamundusl
1319 4881 1352 4943 iu
1367 4884 1443 4946 urbe
