3398 5400
667 351 747 424 tegni
760 345 1024 424 Hierosolymitani.
1444 371 1500 437 175

258 559 349 621 1186
364 563 445 625 Νον.
463 564 516 642 t.¹)
533 568 648 625 Accon.
658 596 702 607 »-
712 563 885 625 Balduinus
898 563 933 640 V,
951 582 1003 624 rex
1016 561 1330 644 Hierosolymitanus,
1346 580 1502 623 consensu

198 650 379 730 Raimundi,
390 651 510 713 comitis
520 653 706 734 Tripolitani
722 668 752 714 et
768 652 862 714 totius
873 652 960 732 regni
971 651 1217 733 procuratoris,²)
1227 651 1393 728 loscelino,
1405 669 1503 711 avun-

197 741 270 801 culo
286 757 315 802 et
331 742 505 803 senescalco
524 759 594 816 suo,
619 741 731 804 CCCC
748 742 895 803 bisantios
918 743 956 802 ad
980 741 1110 803 lundam
1134 741 1267 802 Acconis
1290 740 1323 801 in
1346 739 1386 802 lV
1403 757 1503 800 annos

196 829 409 912 recipiendos,
441 831 542 893 donec
573 830 642 892 illos
668 832 762 893 MDC
787 831 934 892 bisantios
959 830 1120 912 receperit,
1147 848 1227 910 quos
1252 848 1346 911 super
1371 829 1502 890 eandem

197 920 309 982 CCCC
325 920 530 982 bisantiorum
553 920 689 982 assisiam
713 921 972 998 commodaverat,
996 920 1140 982 concedit
1161 938 1196 980 ac
1211 917 1314 998 sigillo
1330 917 1442 980 munit.
1459 950 1503 962 -

198 1009 285 1087 Milo,
296 1009 399 1088 regius
415 1009 573 1091 pincerna,
584 1010 760 1084 Gualterius
776 1010 882 1074 Durus
897 1010 1109 1087 marescalcus,
1121 1008 1309 1070 Guillelmus
1319 1008 1357 1069 de
1369 1007 1502 1069 Molem-

195 1099 298 1175 becca,
316 1098 486 1161 Gauftidus
503 1099 669 1178 Heremita,
682 1100 839 1161 Gerardus
856 1100 893 1160 de
910 1099 997 1160 Luco
1014 1100 1160 1180 plantato,
1172 1097 1348 1159 Gilebertus
1358 1097 1396 1158 de
1407 1096 1501 1174 Flori,

196 1186 368 1249 vicecomes
384 1189 584 1249 acconensis.
619 1189 735 1251 Datum
758 1208 813 1270 per
830 1207 959 1249 manum
983 1188 1072 1267 Petri,
1098 1187 1272 1269 Lyddensis
1295 1186 1502 1247 archidiaconi

195 1275 339 1357 regisque
356 1276 527 1338 cancellarii
544 1277 704 1356 (Strehllte,
722 1297 751 1359 p.
769 1278 905 1355 17-18,
916 1278 977 1338 Νο.
995 1297 1048 1356 19,
1067 1276 1104 1338 cf.
1116 1277 1287 1359 Altpreuss.
1301 1274 1503 1338 Monatsscht.

203 1364 294 1442 1881,
312 1364 392 1443 11111,
410 1385 440 1448 p.
459 1368 534 1448 637,
551 1367 612 1428 Νο.
633 1386 666 1447 5,
685 1387 714 1448 p.
733 1368 808 1447 645,
825 1367 885 1430 No.
904 1367 943 1446 3).
1433 1359 1502 1424 657

271 1461 293 1528 ¹)
311 1457 444 1514 Strehllta
461 1456 600 1515 correxit:
625 1459 700 1532 1185,
720 1477 811 1531 quum
831 1458 919 1531 paulo
940 1471 1007 1532 post
1027 1470 1151 1513 mortem
1172 1455 1304 1512 Balduini
1317 1457 1343 1511 V
1357 1455 1453 1512 Guido
1467 1457 1503 1512 de

195 1524 364 1602 Ltu'gnmo
377 1524 475 1586 medio
488 1544 589 1586 mense
602 1528 680 1601 Sept.
699 1531 765 1586 1186
778 1543 935 1586 coronatus
950 1529 1042 1584 fuerit.
1171 1531 1193 1596 ²)
1213 1528 1337 1598 Eracles,
1359 1545 1386 1601 p.
1402 1546 1426 1600 3,
1438 1547 1465 1599 4,
1477 1530 1503 1597 6,

294 1614 335 1658 ta.

193 1597 223 1672 δ’
237 1613 347 1766 'tim
361 1678 583 1766 Muenna).
593 1718 638 1730 —
651 1685 827 1768 «Principes
836 1687 1057 1748 transmarinae
1069 1685 1213 1748 ecclesiae
1224 1698 1254 1746 et
1263 1682 1354 1746 ceteri
1365 1684 1502 1746 christia-

193 1786 255 1837 ne
266 1768 473 1858 Μ
486 1771 652 1837 homines»
674 1774 866 1837 Fridericum
883 1775 1067 1837 leertiorem
1078 1774 1194 1837 faciunt
1210 1775 1247 1835 de
1264 1773 1348 1835 clade
1366 1773 1502 1835 christia-

329 1854 520 1926 tSuladino
541 1878 665 1947 accepta
687 1863 843 1945 (Hugonis
866 1859 948 1927 cont.
968 1864 1138 1944 Weingart.
1162 1864 1195 1926 in
1218 1862 1306 1925 Mon.
1324 1863 1430 1924 Germ.
1448 1863 1502 1925 SS.

193 1868 312 2033 ff
367 1952 432 2034 75).
455 1946 465 2038 11
485 1950 571 2016 Haec
593 1951 722 2036 epistola
747 1973 785 2035 23
804 1953 884 2016 Nov.
908 1953 941 2016 in
964 1954 1131 2017 Germania
1154 1951 1305 2036 publicata
1329 1967 1373 2014 est
1396 1951 1501 2030 (ibid).

193 1962 398 2194 burmis
411 2042 452 2105 ad
467 2041 594 2106 tertium
608 2040 726 2104 bellum
740 2061 863 2105 sacrorn
873 2043 1099 2127 pertinentibus
1114 2042 1151 2105 cf.
1163 2041 1293 2120 Riezler,
1311 2041 1374 2102 Det
1384 2041 1502 2105 Kreuz-

194 2139 258 2215 mg
291 2128 1085 2212 tiedtichslinFotsch.aurdeutsch.Gesch.1870‚
1097 2152 1126 2214 p.
1140 2134 1259 2194 1ο8-1
1273 2130 1502 2211 ι5811111811

196 2218 288 2283 Dein.
305 2219 341 2300 ll,
364 2238 395 2304 p.
418 2220 613 2303 t82-183.
652 2219 699 2283 De
717 2234 784 2284 toto
807 2219 867 2284 hoc
888 2221 971 2284 bello
995 2221 1033 2284 cf.
1056 2222 1185 2300 Riezler,
1212 2223 1231 2283 l.
1249 2240 1274 2282 c.
1291 2239 1321 2302 p.
1346 2236 1505 2300 1-1491

197 2308 358 2390 Rbltricht,
375 2309 467 2374 Beitr.
484 2308 507 2390 l,
528 2327 558 2395 p.
583 2310 768 2386 tta-2083
794 2308 828 2392 ll,
846 2326 876 2392 p.
899 2329 1093 2393 130-204,
1112 2313 1253 2392 32⁶⁴3
1261 2331 1299 2391 59
1317 2323 1347 2371 et
1362 2307 1502 2388 ejusdem

198 2398 255 2462 Die
272 2398 466 2480 Belageruttg
483 2398 585 2462 attts
600 2398 842 2480 (1189-1191)
859 2398 893 2461 itt
908 2399 1034 2462 Forsch.
1051 2421 1106 2463 zur
1122 2401 1262 2463 deutsch.
1279 2399 1392 2462 Gesch.
1410 2399 1501 2475 1876,

197 2489 277 2566 XVl,
297 2509 326 2571 p.
344 2491 531 2570 483—524.
1432 2486 1503 2548 658

288 2632 308 2664 ,,
355 2588 585 2667 (inhereant),
609 2587 673 2650 ind.
691 2586 727 2650 V.
750 2586 827 2671 Tyri
851 2587 883 2651 in
907 2589 1019 2671 palatio
1041 2587 1273 2670 archiepiscopi.
1299 2619 1344 2631 —-
1365 2585 1502 2649 Berones

196 2677 282 2757 regni
295 2676 569 2759 Hierosolymitani
586 2693 656 2760 post
671 2676 790 2740 cladem
807 2677 890 2761 apud
908 2679 1144 2741 Manescalciam
1153 2676 1336 2760 Tyberiadis
1346 2691 1502 2758 acceptam

194 2765 271 2848 Tyri
288 2767 446 2848 congressi
468 2765 685 2845 januensibus,
703 2785 783 2848 quos
805 2768 844 2830 ad
867 2765 1084 2831 defensionem
1106 2766 1191 2830 urbis
1214 2781 1335 2847 paratos
1359 2764 1500 2843 viderint,

194 2855 271 2937 Tyri
287 2856 457 2918 libertatem
473 2857 650 2918 commercii
668 2873 698 2918 et
713 2856 830 2918 curiam
855 2855 983 2919 liberam
1006 2857 1184 2920 concedunt
1203 2869 1385 2935 curtemque
1402 2854 1500 2937 depu-

194 2960 258 3005 tant
275 2944 415 3007 videlicet
432 2945 596 3007 macellum
613 2965 686 3006 cum
701 2943 739 3006 111
754 2945 903 3008 domibus
919 2946 1036 3026 vicinis,
1060 2947 1159 3029 platea
1174 2958 1204 3006 et
1221 2943 1245 3005 ll
1262 2943 1431 3005 domorum
1453 2943 1500 3005 in-

194 3034 280 3110 sulis,
299 3051 467 3114 quaesunt
484 3050 554 3096 ante
578 3035 681 3116 ipsum
705 3036 880 3116 macellum,
903 3034 1016 3098 deinde
1039 3037 1152 3097 domos
1174 3033 1201 3095 ei
1218 3030 1344 3113 vicinas,
1361 3050 1441 3113 quae
1465 3053 1501 3095 ex

194 3142 257 3184 una
274 3140 357 3205 parte
374 3124 439 3185 viae
457 3125 608 3206 publicae,
632 3144 668 3185 ex
691 3123 784 3186 altera
807 3125 933 3188 semitae
956 3123 1129 3204 adjacentes
1152 3123 1355 3206 porriguntur
1377 3141 1415 3183 ex
1439 3142 1501 3183 una

195 3218 278 3294 parte
295 3214 333 3274 ad
350 3214 481 3274 domum
496 3213 670 3276 Theobaldi
687 3213 840 3293 Aurificis,
857 3214 1001 3276 etaltera
1018 3234 1118 3295 usque
1134 3214 1173 3275 ad
1189 3213 1322 3274 domum
1339 3212 1500 3292 quondam

195 3301 330 3382 magistri
353 3302 435 3364 Perti
453 3303 552 3382 (Petri)
568 3303 741 3365 Januensis.
757 3338 801 3347 —
817 3304 949 3382 Joccius,
972 3304 1112 3366 Tirensis
1127 3301 1295 3384 (sigillans),
1318 3299 1500 3379 letlardus),

194 3390 382 3471 Nazarenus,
406 3393 592 3471 Monachus,
616 3393 833 3471 Caesariensis,
859 3393 1098 3475 archiepiscopi,
1130 3394 1169 3455 de
1185 3390 1371 3453 baronibus:
1395 3409 1501 3453 comes

192 3480 419 3562 Tripolitanos,
431 3501 536 3543 comes
546 3484 654 3563 Joppe,
666 3483 754 3561 regni
764 3484 966 3560 senescalcus,
978 3483 1128 3563 Raginus,
1139 3481 1288 3544 dominus
1298 3476 1501 3562 Sydonensis,

193 3569 349 3647 Balianus,
375 3571 529 3633 Galterius
554 3572 738 3648 Caesareae;
762 3573 918 3650 Tetricus,
942 3572 1077 3655 Templi,
1104 3569 1292 3648 Borrlellusl,
1321 3568 1499 3652 Hospitalis,

193 3675 423 3741 praeceptores;
449 3660 648 3722 Guillielmus
669 3661 815 3742 Piperata,
832 3662 942 3723 consul
958 3677 987 3722 et
1004 3662 1175 3723 vicecomes
1190 3659 1396 3723 Januensium
1412 3660 1499 3742 Tyri,

194 3748 393 3811 Raimundus
409 3749 510 3827 Biblii,
531 3751 680 3812 dominns
696 3750 897 3813 Guillielmus
914 3751 972 3827 (de)
989 3750 1174 3833 Tyberiade‚
1197 3748 1354 3812 Robertus
1370 3748 1408 3809 de
1424 3749 1500 3813 Pitt-

193 3837 369 3899 cherebneo
393 3838 496 3914 (Liber
512 3838 627 3918 jurium
644 3840 665 3917 1,
690 3859 719 3921 p.
739 3842 937 3922 346—347,
955 3841 1015 3902 No.
1035 3841 1114 3921 363;
1140 3841 1178 3903 cf.
1197 3840 1284 3902 Serra
1300 3839 1352 3917 lV,
1368 3856 1399 3919 p.
1423 3860 1498 3921 144,

195 3926 296 4007 Regni
313 3928 466 3990 Hierosol.
485 3929 590 3990 histor.
608 3929 640 3990 in
658 3930 746 3990 Mon.
759 3929 865 3991 Germ.
877 3930 930 3992 SS.
949 3930 1056 4008 XVlll,
1072 3950 1103 4013 p.
1118 3950 1174 4011 543
1193 3929 1353 4006 Rbhn'cht,
1370 3927 1461 3992 Beitr.
1479 3930 1500 4009 l,

194 4036 223 4098 p.
241 4011 393 4101 17411111
411 4018 550 4098 margine
567 4016 661 4097 hujus
677 4018 828 4100 privilegii
843 4018 972 4099 legitur:
997 4021 1106 4099 «Nota,
1123 4020 1210 4100 quod
1227 4021 1318 4081 debet
1333 4037 1399 4079 esse
1415 4017 1500 4080 aliud

193 4105 390 4187 privilegium
403 4108 517 4169 lactum
528 4127 583 4188 per
599 4107 697 4169 dictos
714 4109 845 4170 barones
861 4107 944 4169 dicto
959 4124 1110 4191 tempore,
1127 4109 1242 4172 scilicet
1252 4109 1339 4189 quod
1354 4107 1499 4184 (Januen-

193 4195 251 4273 ses)
269 4195 382 4257 debent
399 4197 510 4258 habere
526 4197 698 4258 libertatem
715 4197 747 4258 in
763 4198 850 4278 Tyro
866 4213 895 4258 et
910 4197 1034 4261 terciam
1057 4213 1176 4281 partem
1195 4198 1342 4259 cathenae
1358 4214 1386 4259 et
1403 4199 1500 4260 casale

193 4283 296 4346 Sancti
321 4286 447 4366 Georgii
471 4303 499 4347 et
523 4287 619 4347 multa
642 4286 709 4362 alia,
734 4302 767 4348 ut
790 4286 966 4350 continetur
988 4287 1021 4350 in
1038 4288 1161 4362 cronica
1177 4287 1322 4370 Caphari,
1346 4286 1400 4348 sed
1417 4287 1499 4349 istud

193 4374 391 4456 privilegium
409 4394 474 4437 non
492 4392 535 4436 est
553 4375 584 4436 in
595 4377 692 4437 lanua
705 4395 761 4436 nec
773 4376 851 4437 ultra
861 4394 956 4455 mate,
967 4393 1071 4439 tamen
1081 4376 1184 4440 audivi
1195 4377 1296 4438 dicere
1307 4376 1343 4454 (a)
1354 4376 1499 4458 Philippo

193 4463 231 4525 de
250 4464 442 4541 Monteforti,
460 4465 592 4526 domino
602 4464 689 4546 Tyri,
707 4465 793 4544 quod
810 4483 894 4527 unus
910 4466 1022 4529 consul
1030 4466 1194 4528 Januensis
1210 4465 1243 4528 in
1259 4465 1346 4549 Syria
1359 4466 1500 4528 vendidit

193 4571 296 4615 unum
321 4568 462 4615 nostrum
487 4553 682 4635 privilegium
705 4554 827 4628 melius,
852 4555 940 4635 quod
963 4556 1169 4634 habebamus,
1193 4555 1277 4618 unde
1300 4571 1400 4638 potest
1422 4575 1498 4635 esse,

193 4643 280 4723 quod
299 4642 356 4703 fuit
372 4643 464 4721 istud,
488 4643 542 4705 sed
566 4644 667 4706 noluit
689 4644 790 4705 dicere
814 4664 932 4707 nomen
955 4646 1060 4706 casalis
1083 4666 1141 4707 nec
1164 4660 1305 4707 tenorem
1325 4644 1496 4727 privilegii»

193 4731 248 4808 [Er
264 4732 462 4813 transscripto
485 4733 537 4794 lib.
562 4732 677 4811 jurium
696 4733 748 4795 Vll
765 4733 889 4815 compil.
907 4755 924 4795 a
940 4734 1096 4797 chronista
1110 4736 1171 4796 Jac.
1190 4736 1296 4797 d'Oria
1312 4735 1365 4796 fol.
1384 4735 1450 4797 68c
1466 4734 1500 4796 in

192 4821 287 4882 hrch.
304 4821 417 4882 storico
434 4822 493 4883 ital.
510 4821 547 4883 111
564 4823 641 4900 Ser,
652 4822 729 4903 Vlll,
753 4824 845 4901 1868,
862 4843 892 4906 p.
910 4825 984 4900 161,
1010 4824 1119 4886 Giorn.
1136 4824 1254 4904 Ligust.
1272 4826 1363 4906 1884,
1380 4844 1410 4907 p.
1425 4843 1441 4905 3
1448 4844 1498 4905 50,

192 4911 254 4973 No.
272 4929 310 4991 4,
335 4910 373 4972 cf.
391 4931 421 4993 p.
439 4912 479 4992 9).
1428 4911 1500 4974 659
