3398 5400
194 338 257 422 388
756 319 932 404 Regesta

194 564 336 626 fratribus
360 563 478 624 ordinis
503 562 700 640 Minorum3)
725 560 874 622 beneficia
896 576 936 641 et,
953 577 986 622 ut
1002 562 1035 622 iu
1051 561 1216 622 devotione
1233 580 1267 622 ac
1290 560 1374 622 dicto
1397 559 1507 621 studio

193 669 374 736 perseveret,
386 654 565 713 adhortatur
575 651 726 729 (Sbaralea
736 651 786 729 Ν,
796 670 826 731 p.
839 651 1130 732 84—85,N0.129;
1148 651 1296 729 Potthast,
1306 650 1368 711 No.
1383 650 1504 728 229983

193 742 352 822 Langlois,
374 742 434 803 No.
454 742 558 818 2228).
1412 735 1504 798 1487

267 857 290 919 ³)
310 854 427 906 Praeter
437 851 537 906 fratres
547 850 689 905 Minorum
697 849 799 904 fratres
809 849 1025 905 praedicatores
1036 848 1064 904 in
1075 847 1203 920 partibus
1215 847 1401 903 orientalibus
1411 845 1506 902 nuntii

193 926 543 1052 ffipffiirpaffisabantug
558 923 719 1065 {Potthast,
740 923 795 976 No.
810 923 913 993 22645,
935 921 1044 994 22788;
1070 920 1178 975 Andrie
1191 921 1233 976 St.
1246 920 1345 991 Marie,
1365 919 1505 975 Missions

409 1013 456 1067 tp·
474 1013 519 1048 ¹⁹
540 1013 577 1063 4·

243 1108 469 1171 nantolii.
488 1109 585 1170 Reati.
602 1142 646 1152 -
663 1109 811 1170 Nicolaus
829 1108 868 1169 Ν
885 1106 1041 1189 populum
1052 1106 1286 1185 Armeniorum,
1298 1106 1505 1188 Aethiopum,

195 1202 406 1279 Nestorianos,
440 1200 633 1280 Aethiopum
664 1199 898 1279 imperatorem,
930 1198 1125 1258 Demetrium
1157 1196 1309 1277 Georgiae
1340 1212 1372 1257 et
1404 1197 1505 1257 David

195 1291 355 1352 lberorum
380 1309 477 1368 reges,
502 1305 536 1349 ut
552 1288 695 1367 religioni
712 1288 894 1348 christianae
912 1286 1016 1347 lideles
1033 1302 1242 1367 permaneant,
1265 1303 1374 1348 monet
1390 1285 1505 1366 (Lang-

194 1380 263 1460 lois,
281 1381 341 1441 No.
362 1379 601 1459 2234—2239l·
1413 1372 1505 1434 1488

278 1541 298 1573 ,,
344 1496 403 1557 Jul.
427 1515 474 1576 ¹3·
501 1493 597 1554 Reati.
615 1526 658 1537 —-
674 1491 823 1553 Nicolaus
839 1492 878 1552 Ν
895 1492 1122 1573 Cobyla-chan,
1144 1510 1260 1571 magno
1277 1491 1410 1573 principi
1426 1491 1504 1552 Tar-

196 1586 375 1663 tarorum,¹)
392 1603 493 1665 quum
510 1582 604 1664 paulo
621 1598 690 1663 post
701 1584 933 1663 promotionem
944 1601 1033 1642 suam
1043 1583 1189 1660 Argonis,
1201 1582 1281 1661 regis
1291 1581 1506 1660 Tartarorum,

197 1675 324 1737 nuntios
341 1675 501 1752 religiosos
518 1673 645 1733 Latinos
662 1672 831 1750 flagitantes
848 1672 1005 1751 receperit,
1024 1671 1147 1731 fratrem
1157 1672 1335 1732 Johaunem
1345 1671 1384 1732 de
1395 1672 1506 1732 Monte

197 1765 336 1828 Corvino
354 1783 425 1825 cum
442 1764 533 1823 sociis
550 1762 641 1822 mittit
657 1777 687 1821 et
703 1763 901 1822 commendat
919 1761 1070 1836 (Sbaralea
1088 1761 1137 1840 Ν,
1154 1781 1183 1841 p.
1197 1762 1338 1841 85-86,
1350 1760 1412 1822 No.
1431 1781 1440 1821 1
1450 1777 1505 1841 303

197 1854 402 1931 Moshemius,
413 1854 462 1916 l.c.
473 1854 531 1912 No.
542 1872 591 1930 32,
610 1852 755 1930 Potthast,
768 1852 826 1911 No.
841 1869 957 1930 23003;
976 1851 1133 1930 Langlois,
1145 1852 1206 1912 Nn.
1220 1851 1356 1931 2241l.²)
1365 1846 1375 1934 1)
1384 1850 1506 1912 Eodem

197 1963 292 2024 annu,
309 1963 416 2005 mense
433 1963 467 2003 ac
484 1942 533 2002 die
550 1942 633 2001 idem
651 1942 846 2022 Caydonem,
863 1940 1036 2021 principem
1052 1941 1266 2018 Tartarorum,
1283 1957 1401 2018 monet,
1417 1954 1453 2001 ut
1468 1938 1505 2000 ad

199 2035 413 2114 cognitionem
438 2031 508 2092 lidei
533 2031 715 2091 christianae
738 2051 769 2091 se
793 2044 951 2091 convertat
974 2030 1126 2104 (Sbaralea
1142 2030 1193 2107 Ν,
1218 2049 1247 2111 p.
1267 2030 1319 2109 86,
1343 2030 1405 2090 No.
1429 2047 1505 2109 ¹3¹3

199 2123 405 2200 Moshemius,
415 2121 435 2182 l.
448 2141 473 2182 c.
485 2122 544 2181 No.
560 2140 610 2200 333
628 2120 843 2195 Potthast,N0.
858 2140 874 2181 2
880 2138 984 2199 30043
1003 2119 1159 2198 Langlois,
1170 2119 1231 2180 No,
1245 2120 1352 2199 2242),
1363 2119 1507 2181 etlolum

198 2214 237 2275 de
254 2212 329 2273 Pisis
347 2213 495 2288 hortatur,
514 2228 547 2272 ut
563 2211 710 2270 omnibus
727 2210 877 2288 religiosis
893 2229 947 2290 per
963 2209 1274 2289 partesTartarorum
1291 2211 1372 2290 ipsas
1388 2208 1508 2269 haben·

199 2302 282 2364 tibus
299 2303 462 2363 transitum
479 2300 629 2360 auxilinm
645 2316 674 2360 et
691 2300 856 2360 consilium
874 2300 1032 2380 impendat
1055 2299 1236 2379 (Wadding,
1258 2299 1370 2359 Annal.
1389 2298 1505 2359 Minor.

199 2392 246 2471 lll,
263 2413 293 2473 p.
317 2394 392 2470 1983
419 2390 624 2468 Moshemius,
641 2389 660 2449 l.
678 2408 702 2451 c.
719 2390 780 2450 No.
801 2409 856 2468 343
882 2389 1030 2466 Potthast,
1046 2390 1107 2449 No,
1128 2389 1258 2468 23005).
1417 2384 1508 2447 1489

275 2499 295 2561 ¹)
310 2493 367 2562 Qui
380 2493 462 2548 Febr.
476 2509 542 2564 229ο
556 2490 625 2546 obiit
641 2491 830 2562 (Monradgea
845 2491 993 2546 tl'Ohsson
1006 2491 1038 2561 ll,
1048 2508 1075 2562 p.
1085 2494 1159 2564 475).
1234 2492 1255 2561 9)
1269 2488 1314 2546 Cf.
1327 2490 1509 2562 Mouratlgea

200 2566 348 2621 d'Ohsson
360 2565 393 2634 ll,
406 2581 433 2636 p.
448 2581 597 2634 500—501.

283 2716 302 2747 „
348 2670 407 2731 Jul.
432 2689 478 2749 ¹4·
503 2669 600 2729 Reati.
619 2703 659 2711 -
677 2668 825 2729 Nicolaus
841 2669 881 2732 Ν
905 2669 1116 2750 (llaythonem
1134 2668 1178 2747 ll),
1202 2687 1308 2746 regem
1330 2667 1508 2746 Armeniae,

201 2780 298 2841 quem
324 2776 408 2841 patre
434 2759 554 2834 (Leone
582 2759 633 2835 ΙΙΙ)
659 2773 787 2819 mortuo
802 2760 821 2834 1)
847 2778 919 2838 erga
944 2759 1120 2819 Romanam
1146 2757 1307 2818 ecclesiam
1332 2757 1510 2819 devotionis

201 2849 345 2910 affectum
362 2868 466 2928 gerere
483 2851 520 2908 ab
536 2849 679 2908 lohanne
696 2848 734 2907 de
752 2848 859 2908 Monte
877 2848 1027 2926 Corvino,
1045 2848 1133 2908 fratre
1151 2847 1323 2926 Minorum,
1340 2847 1509 2926 audiverat,

201 2954 319 3016 monet,
337 2955 371 2999 ut
388 2939 420 2999 in
438 2937 487 2998 illa
504 2936 670 2998 devotione
694 2954 875 3017 perseveret,
900 2939 990 3016 eique
1014 2956 1071 3018 pro
1094 2937 1285 2997 humanitate
1308 2956 1379 3017 erga
1404 2936 1510 2998 fratres

202 3029 364 3089 Minorunt
375 3029 435 3106 agit
444 3026 554 3106 gratias
565 3047 598 3088 ac
609 3026 680 3087 lidei
692 3027 824 3087 formam
836 3027 926 3087 mittit
937 3026 1088 3102 (Sbaralea
1100 3027 1150 3105 Ν,
1162 3047 1191 3107 p.
1205 3028 1347 3107 86-87,
1357 3026 1420 3087 No.
1435 3045 1508 3107 132;

201 3118 347 3191 Potthast,
371 3117 432 3178 No.
453 3118 578 3195 23006;
606 3116 763 3194 Langlois,
780 3116 841 3176 Νο.
862 3116 966 3194 2229).
984 3158 991 3196 3,
1008 3116 1127 3176 Eodem
1151 3135 1246 3194 anno,
1271 3135 1378 3176 meuse
1402 3135 1438 3176 ac
1460 3115 1510 3176 die

201 3206 285 3268 idem
309 3207 449 3282 Mariam,
474 3224 612 3267 sororem
640 3207 736 3266 clarae
763 3206 930 3266 memoriae
957 3205 1080 3284 reginae
1106 3205 1283 3285 Armeniae,
1310 3224 1406 3284 quam
1433 3204 1511 3266 lator

201 3297 411 3377 praesentium
427 3295 584 3357 lohannes
601 3296 639 3355 de
661 3296 770 3355 Monte
794 3295 933 3356 Corvino
956 3295 994 3354 de
1018 3294 1155 3375 partibus
1178 3295 1345 3356 Armeniae
1368 3314 1510 3356 reversus

202 3387 435 3462 collaudaverat,
452 3400 570 3463 monet,
588 3400 622 3444 ut
638 3382 669 3443 in
680 3385 784 3444 studio
795 3403 866 3461 erga
878 3384 971 3445 fidem
983 3385 1163 3444 catholicam
1176 3399 1205 3444 et
1215 3384 1369 3445 desiderio
1381 3383 1511 3445 unionis

202 3495 275 3536 cum
291 3476 416 3536 ecclesia
432 3476 575 3536 Romana
591 3490 772 3554 perseveret,
791 3474 882 3553 eique
893 3474 997 3534 fratres
1009 3473 1170 3535 Minorum
1180 3474 1380 3534 commendat
1390 3472 1512 3549 (sbara-

200 3565 247 3626 lea
263 3565 313 3643 Ν,
331 3584 360 3646 p.
380 3566 520 3641 87—88,
536 3565 597 3625 No.
622 3582 698 3643 ¹333
725 3564 870 3641 Potthast,
888 3565 948 3624 No.
969 3583 1095 3642 230073
1123 3563 1280 3642 Langlois,
1297 3563 1359 3624 No.
1379 3582 1512 3644 2230-

204 3656 309 3734 2231).
344 3655 464 3715 Eodem
490 3655 588 3713 modo
612 3653 772 3714 Torosum
797 3667 826 3713 et
849 3652 925 3713 alios
949 3652 1053 3713 fratres
1078 3672 1244 3731 germanos
1267 3653 1357 3732 regis.
1388 3653 1510 3715 Eodem

200 3762 296 3822 anno,
322 3763 427 3804 mense
452 3762 486 3802 ac
509 3743 558 3803 die
583 3742 665 3803 idem
689 3742 798 3818 leoni,
822 3743 1035 3802 comestabulo
1053 3743 1227 3820 Armeniae,
1250 3744 1287 3802 ab
1311 3743 1456 3803 Johanne
1473 3742 1511 3803 de

202 3833 341 3895 Corvino
364 3833 489 3893 laudato
512 3833 622 3910 gratias
645 3832 716 3910 agit,
740 3833 826 3911 quod
851 3831 922 3892 fidei
946 3832 1112 3892 catholicae
1129 3853 1163 3893 ac
1180 3833 1341 3894 Romanae
1365 3832 1511 3893 ecclesiae

201 3923 413 3983 observantiae
430 3922 541 3995 studet,
560 3940 708 4000 eumque,
720 3935 754 3980 ut
766 3920 908 3981 fratribus
919 3921 1081 3982 Minorum
1099 3921 1195 3982 faveat
1212 3937 1240 3981 et
1257 3922 1389 3982 indicto
1406 3921 1511 3982 studio

201 4027 383 4092 perseveret,
401 4012 581 4072 adhortatur
597 4010 749 4086 (Sbaralea
766 4010 816 4083 Ν,
835 4031 863 4090 p.
883 4012 934 4087 88,
952 4012 1012 4072 No.
1037 4031 1112 4090 ¹343
1137 4011 1282 4090 Potthast,
1300 4012 1361 4072 No.
1381 4012 1511 4093 230083

202 4101 359 4180 Langlois,
385 4102 444 4161 Νο.
465 4103 717 4179 2232—2233).
749 4100 869 4161 Eodem
893 4102 988 4160 ruodo
1012 4100 1131 4181 scripsit
1154 4101 1192 4160 ad
1209 4102 1432 4162 marescalcum
1449 4100 1512 4162 sive

201 4191 383 4269 magistrum
400 4206 570 4251 castrorum
587 4191 670 4249 etad
688 4189 869 4250 universum
886 4190 1041 4271 populum
1059 4190 1236 4253 Armeniae.
1422 4187 1513 4249 1490

277 4293 295 4363 ¹)
314 4292 452 4364 Sempad,
466 4291 632 4346 Continuat.
647 4291 674 4345 in
686 4293 870 4360 l’etermann,
883 4292 968 4346 Beitr.
978 4310 1001 4347 z.
1011 4293 1114 4347 Gesch.
1124 4292 1150 4345 d.
1160 4294 1328 4364 Kreuzzuge
1340 4309 1392 4348 aus
1403 4309 1513 4349 armen

202 4363 333 4434 Quellen,
347 4382 374 4436 p.
391 4382 449 4435 171,
468 4378 530 4435 173:
544 4363 560 4418 6
574 4362 655 4417 Febr.
674 4362 748 4436 2289.

284 4512 303 4545 ,,
349 4469 423 4531 Julr
435 4489 462 4548 5.
474 4467 571 4528 Reati.
583 4502 618 4508 —
629 4468 776 4528 Nicolaus
787 4467 827 4529 Ν
836 4468 966 4548 Argoni,
976 4468 1258 4548 regiTartarorum,
1269 4467 1359 4547 cujus
1370 4468 1513 4534 devotio·

202 4576 277 4619 rtem
288 4575 340 4618 ore
352 4557 503 4619 lobannis
514 4558 552 4618 de
564 4558 671 4618 Monte
680 4556 819 4619 Corvino
829 4558 933 4620 latoris
944 4558 1154 4639 praesentium
1164 4574 1194 4620 et
1204 4559 1317 4619 Roban
1325 4560 1514 4623 Bersaumae

201 4647 339 4729 episcopi
352 4647 374 4724 ¹)
391 4646 587 4727 aliorumque
603 4647 787 4708 nuntiorum
806 4648 844 4707 ad
860 4647 977 4709 curiam
989 4648 1166 4709 Romanam
1175 4648 1345 4709 missorum
1357 4649 1514 4730 didicerat,

199 4737 311 4818 gratias
331 4737 392 4816 agit
408 4756 442 4796 ac
458 4738 576 4816 suadet,
600 4752 634 4797 ut
658 4735 752 4797 fidem
776 4737 972 4799 christianam
996 4739 1130 4819 recipiat,
1155 4738 1324 4818 fratresque
1349 4740 1515 4803 Minorum

277 4892 295 4963 ¹)
316 4890 373 4960 Qui
386 4909 410 4944 a.
429 4909 490 4964 2292
509 4894 607 4948 denuo
622 4891 745 4946 Romam
761 4891 837 4947 venit
851 4892 1083 4964 (Abull'aradsch,
1097 4894 1206 4950 Chron.
1220 4893 1331 4966 syriae,
1345 4912 1372 4966 p.
1386 4896 1462 4971 627).
