3398 5400
278 358 320 417 90
843 334 1018 404 Regesta

1342 427 1584 434 ————

326 559 416 620 1160
433 563 521 624 Mart.
538 584 569 642 4.
587 597 629 607 —
646 562 827 638 Nicbolaus,
844 562 930 644 prior
946 562 975 624 S.
992 562 1165 644 Sepulchri,
1183 563 1325 637 domum,
1342 581 1435 642 quam
1455 561 1585 622 Bernar-

277 651 336 712 dus
353 652 514 713 Bursarius
531 653 638 727 tenuit,
656 653 789 713 Ricardo
803 651 937 714 Jaferino
954 651 1084 733 ejusque
1102 653 1267 713 heredibus
1284 671 1378 712 ceusu
1395 650 1464 712 XIV
1481 651 1585 711 bisan-

277 740 392 801 tiorum
403 742 530 803 annuali
542 742 707 803 tenendam
719 742 870 803 concedit.
887 775 931 786 —-
949 741 1118 802 Nicbolaus
1128 742 1222 823 prior,
1234 740 1418 822 Arnulphus
1429 739 1585 820 subprior,

280 830 453 891 Bernardus
477 847 592 908 cantor,
615 830 806 893 Godefridus
829 831 1046 903 thesaurarius,
1070 831 1235 902 Ebrardus,
1259 831 1397 907 llbertus,
1422 830 1529 891 Petrus
1547 828 1585 889 de

278 918 460 1000 Sepulchr0,
486 921 593 982 Petrus
616 920 772 995 Clemens,
797 919 940 996 Achilles,
963 921 1059 999 Hugo
1076 920 1113 980 de
1131 920 1262 999 Nigella,
1286 920 1393 980 Petrus
1413 919 1450 979 de
1469 918 1586 992 Latina,

278 1008 385 1069 Petrus
406 1008 612 1085 lumbardus,
636 1009 806 1071 Raiualdus
831 1010 868 1069 de
892 1007 999 1084 Ochis,
1024 1009 1180 1070 Robertus
1203 1008 1402 1084 Antiochiae3
1428 1009 1466 1068 de
1482 1005 1584 1067 laicis:

278 1097 407 1158 Pisellus
430 1098 593 1174 aurifaber,
616 1097 788 1160 Balduinus
811 1100 924 1174 Borne,
949 1099 1055 1159 Petrus
1079 1098 1265 1169 Salomonis,
1290 1098 1445 1158 Robertus
1467 1096 1584 1173 Cocus,

280 1186 436 1247 Uldredus
452 1188 614 1260 aurifaber,
630 1187 777 1250 Giraldus
794 1187 981 1264 Salomonis,
1003 1187 1111 1248 Petrus
1127 1189 1289 1266 Petragorc
1305 1187 1455 1264 (Rozie're,
1472 1206 1501 1267 p.
1522 1205 1583 1265 205

277 1277 399 1350 —206,
417 1277 478 1338 No.
502 1297 577 1357 105;
604 1278 720 1357 Migne,
737 1297 767 1358 p.
791 1297 882 1356 1205,
900 1277 960 1338 Nn.
984 1277 1063 1356 105).
1515 1271 1586 1333 343

358 1456 377 1486 ,,
425 1411 513 1471 Mart.
531 1413 577 1480 16,
602 1410 750 1471 ind.Vlll.
770 1410 802 1470 ln
820 1410 984 1472 obsidione
1001 1410 1175 1471 Blahaseut.
1186 1409 1205 1486 1Ι
1221 1443 1264 1452 —
1280 1408 1455 1470 Balduinus
1471 1407 1517 1483 ΙΙΙ,
1534 1426 1586 1468 rex

278 1497 592 1581 Hierosolymitanus,
608 1500 710 1579 sigillo
727 1498 900 1575 confirmat,
921 1499 1110 1560 Rainaldum
1135 1499 1353 1560 Falconarium
1376 1497 1433 1558 sibi
1457 1516 1586 1558 conces-

278 1587 361 1665 sisse,
379 1605 412 1649 ut
429 1589 466 1649 de
484 1588 615 1650 flumine
632 1588 807 1651 Acconensi
824 1589 910 1664 Belo,
927 1603 1084 1669 quotquot
1106 1604 1136 1649 et
1152 1606 1355 1668 quocumque
1378 1587 1459 1661 velit,
1481 1586 1586 1647 alveos

278 1677 315 1737 ad
334 1676 488 1739 faciendas
511 1698 624 1739 cannas
648 1679 746 1740 mellis
769 1679 909 1749 deducat,
933 1695 962 1738 et
979 1678 1016 1738 de
1040 1678 1127 1739 lucro
1151 1697 1187 1737 ex
1211 1677 1318 1738 cannis
1342 1676 1420 1738 facto
1443 1675 1585 1757 quintam

278 1780 394 1848 partem
419 1767 572 1829 Rainaldo
597 1787 721 1829 necnon
744 1768 782 1828 de
806 1767 955 1829 omuibus
980 1766 1168 1828 molendinis
1192 1767 1224 1826 in
1247 1766 1365 1827 civitate
1383 1766 1429 1826 vel
1447 1763 1586 1825 confinio

279 1856 412 1918 Acconis
428 1856 593 1918 aedificatis
605 1857 651 1918 vel
661 1856 859 1918 aedificandis
869 1857 926 1917 tale
938 1855 986 1934 jus
1004 1856 1160 1936 talemque
1176 1855 1448 1927 consuetudinem,
1460 1854 1586 1934 qualem

280 1944 310 2005 in
329 1946 518 2007 molendinis
535 1947 572 2006 de
590 1945 720 2007 flumine
737 1946 912 2007 Acconensi
936 1945 1125 2006 molentibus
1142 1962 1171 2005 et
1187 1944 1268 2023 juxta
1287 1950 1394 2005 Accon
1418 1943 1483 2005 sitis
1499 1943 1587 2024 prius

278 2035 418 2112 habebat,
443 2035 515 2096 dare
539 2035 711 2116 pollicetur.
743 2035 827 2096 Haec
850 2035 956 2095 omnia
980 2054 1032 2095 retr
1055 2054 1181 2095 assensu
1205 2034 1392 2095 Theodorae
1417 2032 1541 2113 reginae
1558 2047 1588 2093 et

279 2123 424 2184 Amalrici
437 2124 544 2202 fratris,
556 2125 677 2185 comitis
688 2124 907 2199 Ascalonitani,
927 2123 1079 2185 Rainaldo
1098 2140 1126 2183 et
1142 2123 1297 2185 Lucianae
1314 2122 1404 2184 uxori
1420 2122 1471 2183 tali
1489 2122 1587 2183 modo

279 2214 431 2289 concedit,
449 2230 483 2274 ut
499 2215 523 2274 si
541 2229 612 2294 post
634 2233 744 2275 eorum
769 2229 902 2275 mortem
926 2214 1054 2274 heredes
1078 2213 1109 2273 in
1134 2213 1252 2274 mutuis
1268 2211 1531 2274 conventionibus
1548 2211 1587 2272 de

278 2302 385 2363 cannis
410 2302 508 2363 mellis
533 2302 611 2363 inter
634 2303 761 2364 eosdem
784 2319 814 2363 et
836 2322 940 2380 regern
966 2301 1050 2363 lactis
1074 2302 1173 2363 ullum
1199 2300 1246 2378 jus
1270 2302 1432 2362 ostendere
1456 2298 1586 2382 possint,

279 2391 355 2452 illud
373 2392 515 2452 habeant.
536 2426 575 2435 -—
594 2391 788 2453 Humfredus
799 2393 836 2452 de
847 2392 978 2453 Torono
989 2390 1244 2469 constabularius,
1256 2389 1420 2465 Galterius,
1437 2389 1587 2451 dominus

277 2480 548 2556 Tiberiadensis,⁹)
567 2481 729 2563 Philippus
745 2481 979 2562 Neapolitanus,
997 2481 1103 2559 Hugo,
1116 2479 1265 2541 domiuus
1275 2479 1493 2555 Caesariensis,
1504 2477 1587 2540 Gor-

278 2570 419 2630 mundus
439 2570 680 2646 Tiberiadensis,
706 2570 813 2632 Guido
839 2569 1039 2648 Francigena,
1066 2570 1221 2631 Henricus
1246 2569 1393 2643 Eubulus,
1421 2568 1590 2629 Rohardtts

279 2659 513 2740 Neapolitanus.
548 2660 661 2721 Datum
680 2659 712 2720 in
729 2659 892 2721 obsidione
910 2659 1072 2720 blahasent
1088 2679 1143 2740 per
1160 2677 1288 2720 manum
1306 2657 1432 2735 Stelani,
1450 2657 1587 2738 episcopi

279 2748 521 2809 Bethlehemitae
538 2749 681 2829 regisque
700 2748 882 2828 cancellarii,
901 2749 932 2809 in
943 2748 1004 2809 hoc
1015 2747 1120 2810 officio
1131 2747 1356 2827 vicefungentis
1367 2747 1461 2822 (Pauli
1473 2747 1494 2823 l,
1506 2766 1536 2827 p.
1550 2766 1589 2825 50

278 2858 376 2916 —5t,
394 2838 454 2898 Νο.
476 2857 532 2917 5ο;
558 2838 595 2899 cf.
613 2858 643 2919 p.
665 2839 747 2917 501).
1517 2832 1589 2893 344

353 2960 373 3025 ¹)
394 2957 489 3028 l'rope
503 2956 642 3011 Sidonem
657 2956 753 3022 (Guill.
764 2958 800 3011 de
812 2960 892 3037 l'yro
903 2956 974 3025 lllll,
985 2973 1007 3010 c.
1018 2973 1032 3009 2
1036 2974 1049 3027 5
1060 2972 1066 3023 3
1081 2955 1116 3010 cf.
1127 2954 1266 3011 Rbhricht
1278 2954 1307 3009 in
1320 2955 1431 3009 ZbPV.
1442 2955 1477 3023 X,
1490 2971 1517 3025 p.
1527 2955 1589 3023 216,

278 3039 337 3081 not.
348 3028 382 3099 3).
397 3027 565 3083 Obsidionis
576 3045 661 3100 supra
673 3028 765 3084 dictae
780 3027 921 3084 chronrcis
936 3027 1046 3083 mentio
1060 3027 1136 3082 nulla
1151 3025 1189 3081 fit.
1265 3032 1287 3093 ²)
1302 3028 1343 3081 lle
1358 3044 1417 3098 quo
1432 3025 1588 3080 castellano

277 3099 307 3153 S.
321 3099 480 3153 Audomari
495 3113 522 3153 et
536 3099 662 3171 principe
676 3099 874 3155 l'iberiadensi
888 3099 924 3154 cf.
940 3098 1008 3172 (iiry
1023 3098 1051 3153 in
1065 3099 1136 3154 Bibl.
1152 3100 1187 3153 de
1202 3095 1301 3153 l'e‘cole
1317 3098 1367 3152 des
1381 3097 1494 3152 chartes
1512 3097 1589 3168 1874,

279 3187 307 3241 P·
322 3187 471 3243 343-345·

361 3327 379 3358 „
428 3284 516 3343 Mart.
536 3302 586 3343 at.
604 3315 647 3325 —
664 3283 845 3360 Nicbolaus,
870 3284 900 3345 S.
919 3283 1082 3365 Sepulchri
1100 3282 1194 3363 prior,
1212 3283 1334 3344 Suardo
1351 3281 1481 3362 ejusque
1498 3282 1588 3343 here-

279 3371 370 3432 dibus
387 3372 518 3434 domum
538 3372 760 3450 Mahumeriae,
781 3392 876 3453 quarn
893 3375 1000 3435 Petrus
1017 3374 1055 3433 de
1072 3372 1245 3453 Sepulchro
1261 3374 1299 3432 ab
1316 3373 1437 3433 Acardo
1458 3369 1588 3450 ejusque

281 3479 376 3521 uxore
393 3462 476 3521 Bella
493 3476 617 3536 emerat,
635 3463 693 3522 sub
711 3481 805 3522 censu
823 3463 889 3523 Vlll
908 3462 1112 3523 bisantiorum
1129 3462 1256 3522 annuali
1273 3462 1494 3542 possidendam
1512 3478 1589 3520 con-

279 3550 366 3610 cedit.
390 3583 432 3593 —
457 3550 626 3611 Nicbolaus
650 3551 743 3631 prior,
769 3552 953 3632 Arnulphus
978 3551 1132 3631 subprior,
1157 3551 1347 3612 Godefridus
1371 3549 1589 3626 thesaurarius,

279 3639 471 3715 Ebrardus,¹)
490 3639 627 3711 llbertus,
644 3641 751 3701 Petrus
768 3641 806 3701 de
824 3641 984 3722 Sepulcr0,
1012 3641 1118 3701 Petrus
1134 3638 1292 3713 Clemens,
1312 3639 1455 3714 Achilles,
1474 3638 1588 3699 Reine-

279 3728 352 3806 rius,
376 3729 472 3808 Hugo
490 3729 527 3788 de
546 3728 676 3809 Nigella,
701 3730 807 3790 Petrus
824 3731 862 3790 de
885 3730 1001 3804 Latina,
1026 3729 1235 3806 Rainaldus,²)
1260 3730 1367 3789 Petrus
1391 3729 1589 3789 Lombardus

279 3817 429 3895 (Roziere,
448 3838 477 3898 p.
498 3820 683 3896 255—256,
701 3819 761 3880 Νο.
786 3838 860 3899 139;
888 3819 1005 3898 Migoe,
1022 3838 1051 3899 p.
1077 3820 1168 3893 1228,
1189 3818 1250 3878 No.
1275 3818 1354 3898 ¹39l·
1518 3813 1589 3876 345

351 3926 485 3983 lloziere:
510 3931 527 3995 ¹)
542 3946 568 3999 p.
583 3946 643 4000 251,
657 3943 723 4002 253:
738 3930 893 3994 Ebrardus,
975 3932 997 3995 ²)
1010 3947 1037 4000 p.
1053 3946 1066 3982 2
1070 3947 1102 4000 53
1118 3941 1145 3983 et
1160 3945 1174 3981 2
1178 3942 1226 4000 54:
1241 3928 1276 3982 de
1291 3927 1404 3983 Lochis.

361 4085 379 4115 ,‚
429 4041 516 4102 Mart.
535 4060 585 4118 25.
609 4074 653 4082 —
676 4040 856 4117 Nicbolaus,
883 4042 968 4122 prior
991 4041 1021 4102 S.
1040 4041 1212 4121 Sepulchri,
1236 4040 1377 4102 Guidoni
1402 4038 1588 4117 Camelario‚

279 4129 406 4191 Giraldo
423 4129 568 4209 Caprello
584 4146 612 4189 et
629 4130 761 4209 Hugoni
778 4131 815 4192 de
832 4133 931 4212 loppe
948 4131 980 4191 in
997 4130 1102 4191 casalis
1120 4130 1286 4190 Ramathes
1303 4129 1385 4206 loco,
1402 4129 1456 4209 qui
1475 4128 1591 4190 dicitur

280 4219 366 4278 Nova
384 4217 473 4290 Villa,
499 4219 612 4299 plateas
629 4220 666 4280 ad
684 4220 797 4280 domos
820 4219 1025 4281 aedificandas
1048 4235 1077 4279 et
1100 4234 1210 4279 terrant
1235 4220 1273 4279 ad
1297 4218 1401 4279 vineas
1418 4234 1447 4278 et
1464 4219 1589 4278 arbores

280 4309 470 4388 plantandas,
482 4309 561 4370 sicut
577 4309 636 4369 illis
652 4324 792 4370 ostensae
809 4325 883 4371 suut
899 4331 915 4370 a
934 4310 1023 4370 Petro
1034 4309 1071 4369 de
1083 4308 1266 4388 Sepulchro,
1279 4326 1402 4368 necnon
1419 4322 1590 4368 carrucatas

279 4413 385 4473 terrae,
402 4416 547 4476 magnam
560 4398 663 4459 oliveti
674 4414 803 4479 partem,
815 4400 901 4479 quod
913 4399 1092 4459 Willelmus
1104 4397 1267 4458 beritensis
1279 4396 1435 4478 plantavit,
1448 4397 1588 4473 furnum,

280 4485 499 4547 molendinum
516 4502 545 4547 et
561 4486 634 4548 alias
651 4488 895 4549 consuetudines
912 4488 1088 4549 secundum
1100 4487 1312 4547 Maltameriae
1332 4504 1435 4560 usum,
1451 4486 1590 4565 denique

280 4575 402 4636 vineam
420 4576 449 4637 S.
462 4575 626 4656 Sepulchri
645 4577 812 4638 Ramathae
829 4578 917 4638 sitam
929 4577 1118 4656 quibusdam
1135 4575 1369 4637 conditionibus
1380 4574 1533 4636 concedit.
1546 4609 1589 4617 -

278 4665 388 4725 Testes
406 4680 547 4746 utsupra
565 4667 625 4726 Nn.
646 4686 718 4746 345,
736 4667 789 4727 sed
807 4667 921 4728 accedit
941 4667 1117 4727 Beruardus
1134 4681 1242 4726 cantor
1255 4666 1275 4742 Ι)
1302 4664 1453 4741 (Roziere,
1475 4684 1503 4744 p.
1525 4684 1583 4744 ²5¹

279 4773 398 4834 —252,
416 4755 475 4815 Nu.
501 4756 575 4834 ι36;
602 4756 719 4835 Migue,
737 4776 767 4837 p.
791 4757 1017 4832 1226-1227,
1038 4758 1098 4816 Νο.
1122 4756 1202 4835 136).
1518 4750 1589 4812 346

355 4879 374 4945 ¹)
394 4873 524 4946 Roziere,
536 4892 564 4948 p.
579 4893 629 4950 253
644 4888 672 4932 et
686 4889 753 4947 254:
767 4876 946 4933 Antiochiae.
