3398 5400
272 349 335 427 296
836 338 1012 409 Regesta

271 583 370 644 dictus
386 579 526 641 Tehebet
544 575 605 657 [sic]
624 592 716 654 tenet,
734 596 841 638 versus
857 577 1051 637 occidentem
1068 577 1101 637 in
1116 577 1205 637 vinea
1229 578 1462 658 archiepiscopi,
1480 599 1578 659 quam

270 687 354 735 tenet
370 669 564 752 praepositus
581 666 696 743 casalis,
707 685 814 728 versus
830 667 1074 747 septentrionem
1092 667 1123 727 in
1139 667 1237 727 vineis
1250 668 1451 745 Venetorum,
1470 689 1578 730 versus

271 778 411 824 austrum
428 759 460 819 in
476 757 564 818 vinea
582 755 812 837 archiepiscopi,
836 776 931 836 quam
957 773 1039 817 tenet
1061 756 1192 817 rusticus
1215 758 1293 834 Zar),
1316 758 1452 836 denique
1475 757 1577 834 vinea,

272 870 367 933 quam
391 848 528 931 possidet
551 846 682 907 rusticus
697 845 886 907 Thomanus
909 846 999 926 (quae
1023 845 1122 906 hrmat
1144 865 1251 907 versus
1271 846 1422 908 orientem
1439 847 1471 908 iu
1488 848 1579 909 vinea

272 939 377 1004 rustici
394 940 460 1014 Zar,
484 956 590 997 versus
614 935 807 996 occidentem
829 935 861 996 in
877 935 976 996 vineis
992 936 1196 1012 Venetorum,
1213 955 1319 997 versus
1335 937 1579 1018 septentrionem

273 1032 305 1093 in
328 1030 416 1091 vinea
433 1024 666 1107 archiepiscopi,
693 1044 787 1105 quam
813 1039 896 1085 tenet
921 1025 1053 1086 rusticus
1074 1026 1266 1086 Venetorum
1293 1026 1475 1103 Maummet)
1501 1043 1530 1088 et
1554 1028 1578 1088 ll

272 1121 395 1196 domus,
407 1135 539 1198 quarum
552 1134 646 1176 unam
659 1115 749 1175 habet
761 1114 954 1194 praepositus
965 1115 1070 1174 casalis
1086 1114 1319 1195 archiepiscopi,
1336 1115 1462 1176 alteram
1479 1136 1579 1198 nepos

272 1208 338 1290 ejus
349 1208 461 1269 Helem
472 1207 561 1286 (quae
572 1204 722 1265 habitatae
734 1203 861 1265 fuerunt
876 1224 893 1263 a
910 1204 1029 1265 rusticis
1039 1204 1232 1265 Venetorum
1243 1204 1378 1264 Hoibeid
1390 1220 1419 1264 et
1429 1206 1579 1283 Thacam]

272 1315 301 1361 et
318 1298 392 1359 aliae
409 1296 458 1373 lll,
475 1313 609 1375 quarum
627 1312 723 1354 unam
739 1307 823 1353 tenet
839 1293 972 1354 rusticus
988 1293 1209 1375 archiepiscopi
1233 1294 1347 1372 Hoese,
1371 1293 1463 1355 aliam
1479 1295 1578 1371 Rafl'a,

271 1387 391 1450 tertiam
408 1382 601 1466 praepositus
622 1383 738 1443 casalis.
771 1382 805 1443 ln
829 1381 919 1443 casali
941 1384 1101 1443 Bethoron
1118 1383 1244 1443 Venetis
1267 1398 1340 1444 sunt
1363 1383 1400 1444 lll
1417 1383 1534 1459 vineae,
1552 1386 1580 1446 C

271 1478 395 1538 arbores
421 1473 591 1550 olivarum,
617 1473 688 1533 satis
712 1491 825 1550 magna
851 1472 931 1552 petia
956 1472 1034 1550 agri,
1061 1474 1087 1534 V
1109 1491 1235 1533 carucae
1261 1487 1289 1533 et
1314 1472 1447 1534 rusticus
1474 1474 1579 1534 Musae

273 1565 404 1646 ejusque
421 1563 502 1624 lilius
519 1562 644 1639 Hasem,
670 1561 799 1636 Mathar,
817 1560 907 1621 frater
927 1561 998 1622 dicti
1015 1561 1130 1633 Musae,
1147 1562 1239 1633 Josef,
1258 1561 1339 1623 filius
1356 1562 1427 1623 dicti
1446 1564 1578 1643 Mathar,

273 1656 434 1718 Mahomet
445 1651 513 1733 Elly
524 1670 596 1712 cum
613 1651 637 1711 ll
654 1649 723 1711 filiis
736 1649 897 1711 Hismahel
908 1666 937 1711 et
947 1651 1087 1712 Chailiel.
1105 1651 1368 1732 Archiepiscopus
1378 1671 1452 1713 vero
1463 1652 1580 1713 ibidem

272 1746 364 1807 habet
388 1744 412 1803 ll
428 1742 524 1802 millia
548 1757 577 1801 et
599 1740 654 1801 XL
670 1741 795 1801 arbores
818 1740 970 1801 olivarum
994 1759 1118 1819 necnon
1141 1740 1198 1801 XV
1215 1761 1347 1819 carneas,
1371 1761 1449 1822 quas
1473 1756 1580 1803 tenent

273 1833 467 1917 praepositus
492 1829 608 1907 casalis,
634 1829 736 1908 Alem,
764 1829 927 1908 Megehed,
951 1829 1032 1907 Hali,
1057 1829 1139 1891 filius
1162 1831 1276 1912 Naym,
1299 1831 1420 1911 Braym,
1445 1831 1579 1910 Gibrim,

272 1926 358 1999 Zaar,
375 1922 400 1983 F
402 1921 474 1999 ehd,
492 1919 630 1997 Homeil,
647 1920 765 1996 Mense,
782 1919 918 1995 Mesade,
937 1920 1036 1997 Amie,
1053 1919 1207 1998 Hagined,
1225 1919 1312 1980 Ralla
1335 1936 1364 1981 et
1385 1921 1580 2002 praepositus

274 2014 383 2075 dictus.
416 2012 463 2072 De
481 2008 652 2070 redditibus
668 2028 702 2068 ac
718 2007 968 2089 possessionibus
984 2010 1177 2071 Venetorum
1194 2008 1281 2090 Tyri,
1298 2028 1436 2089 quorum
1459 2011 1580 2071 tertiam

274 2119 390 2186 partem
406 2116 510 2161 tenere
527 2099 690 2176 debebant,
708 2096 812 2178 plures
827 2097 1014 2159 retinentur:
1038 2098 1070 2159 in
1087 2098 1194 2178 primis
1210 2097 1296 2159 tertia
1314 2118 1382 2179 pars
1399 2100 1580 2161 reddituum

274 2208 408 2266 catenae,
426 2209 505 2269 quae
524 2189 556 2248 in
573 2187 633 2247 hoc
649 2206 733 2248 anno
749 2187 899 2268 appaltata
918 2187 974 2249 fuit
991 2187 1260 2249 mcccclxxx
1277 2187 1414 2249 bisantiis
1430 2190 1468 2249 ad
1485 2190 1580 2250 ratio-

274 2300 347 2343 nem
370 2281 407 2341 de
433 2295 511 2347 tota;
542 2296 595 2337 rex
619 2296 692 2337 vero
717 2276 876 2337 Johannes
901 2295 1011 2337 omnes
1036 2277 1185 2338 Susianos
1210 2278 1247 2337 ad
1271 2276 1429 2338 dationem
1455 2295 1580 2340 catenae

273 2369 420 2432 liberavit.
451 2368 526 2428 Item
543 2366 715 2427 retinentur
730 2365 868 2427 redditus
885 2381 990 2447 portae
1007 2386 1112 2426 versus
1135 2382 1247 2427 terram
1270 2386 1342 2427 cum
1360 2386 1424 2428 uno
1442 2367 1580 2429 fundaco

274 2476 303 2522 et
320 2481 356 2521 ex
373 2458 432 2519 alio
450 2457 583 2518 fondaco
600 2455 734 2533 tertiarii,
759 2476 794 2516 ex
811 2454 943 2516 macello
959 2471 989 2516 et
1005 2471 1106 2533 tuazo,
1131 2475 1166 2516 ex
1184 2456 1337 2517 mensuris
1361 2457 1517 2535 frumenti,
1542 2478 1580 2518 ex

273 2550 380 2628 vitreo,
398 2568 435 2608 ex
451 2547 523 2608 oleo
539 2545 715 2622 sussimani,
734 2565 769 2606 ex
786 2545 876 2622 calce,
901 2565 937 2605 ex
960 2545 1097 2626 piscaria,
1122 2567 1158 2607 ex
1174 2546 1249 2606 vino
1266 2545 1401 2607 cerevisii
1426 2547 1580 2626 (cervese),

274 2639 361 2721 quod
378 2636 508 2698 efficitur
525 2656 561 2695 ex
582 2635 702 2696 hordeo
724 2650 752 2695 et
770 2634 859 2716 focay
876 2651 1012 2713 vocatur,
1030 2655 1066 2695 ex
1082 2635 1167 2696 lacte.
1185 2635 1294 2696 Veneti
1306 2650 1409 2696 autem
1421 2635 1582 2715 possident

273 2728 350 2810 Tyri
373 2745 483 2806 rugam
507 2743 709 2786 communem
732 2724 875 2805 superius
898 2739 927 2785 et
950 2724 1080 2785 inferius
1103 2744 1174 2785 cum
1194 2744 1265 2803 rege
1281 2725 1368 2805 Tyri,
1386 2744 1447 2805 qua
1463 2726 1525 2786 itur
1541 2727 1580 2786 ad

273 2831 423 2895 catenam,
440 2834 534 2896 super
550 2833 612 2894 qua
628 2829 672 2873 est
688 2813 770 2874 volta
786 2827 817 2874 et
832 2828 919 2894 porta
936 2814 1073 2875 civitatis.
1099 2814 1132 2874 ln
1150 2828 1234 2894 parte
1252 2815 1331 2892 regis
1348 2830 1392 2874 est
1407 2815 1580 2877 fundatum

275 2908 459 2969 Pisanorum
475 2904 513 2965 de
530 2923 600 2982 rege
617 2918 767 2983 emptum,
789 2903 842 2963 ubi
860 2918 1099 2964 construxerunt
1116 2902 1275 2964 ecclesiam
1291 2923 1385 2984 super
1402 2904 1481 2965 dicta
1497 2905 1580 2966 volta

274 3011 303 3059 et
320 3010 407 3077 porta
424 2994 474 3071 ita,
492 3010 526 3055 ut
543 2993 575 3053 in
592 2993 784 3053 Venetorum
802 3007 885 3073 parte
908 2993 945 3053 sit
968 2993 1054 3053 trivia
1077 2991 1158 3072 juxta
1183 2994 1277 3073 pedes
1302 2993 1459 3073 quinque;
1485 2993 1581 3067 huius

273 3104 347 3146 vero
363 3083 507 3145 ecclesiae
523 3082 674 3143 memoria
690 3081 752 3142 lere
769 3081 902 3143 evanuit.
920 3082 955 3142 ln
972 3082 1089 3142 civitate
1100 3082 1176 3163 Tyri
1192 3081 1318 3142 Venetis
1334 3082 1506 3144 retinentur
1522 3084 1581 3144 hae

274 3176 404 3236 domus:
427 3173 459 3233 in
476 3172 583 3253 primis
600 3171 749 3232 retinetur
765 3172 802 3230 ab
814 3171 927 3250 Ugone
944 3172 1071 3232 amirato
1088 3172 1201 3231 domus
1218 3172 1323 3251 (quam
1340 3171 1452 3233 habere
1469 3172 1582 3234 dicitur

273 3267 311 3325 ab
328 3282 424 3325 uxore
440 3283 506 3338 sua,
519 3260 904 3338 filiaZunzuliniGazelli),
921 3261 1058 3322 secunda
1075 3261 1180 3341 (quam
1197 3261 1334 3321 marchio
1347 3261 1464 3323 Montis
1480 3262 1581 3323 ferrati

275 3354 399 3416 dederat
416 3350 555 3412 Ansaldo
572 3349 733 3411 Bonvisini
750 3366 780 3410 et
796 3369 881 3411 nunc
901 3349 1039 3427 ejusdem
1063 3349 1144 3411 filius
1168 3365 1252 3411 tenet
1275 3349 1447 3411 Balduinus
1463 3352 1581 3412 Bonvi-

273 3443 354 3520 sinil,
366 3440 452 3502 tertia
462 3441 576 3501 domus
592 3459 686 3517 rugae
703 3438 732 3500 S.
744 3437 863 3500 Nicolai
880 3439 970 3520 (quae
987 3461 1003 3499 a
1020 3440 1148 3500 domina
1159 3440 1345 3520 Raymuoda
1355 3440 1448 3501 vidua
1459 3455 1582 3501 tenetur

274 3549 303 3594 et
320 3531 422 3593 firmat
431 3550 537 3590 versus
549 3529 699 3591 orientem
717 3528 748 3588 in
763 3528 821 3607 via,
833 3548 912 3608 quae
928 3529 1070 3590 discurrit
1086 3529 1124 3589 ad
1142 3529 1300 3589 ecclesiam
1317 3529 1347 3590 S.
1358 3529 1472 3590 Mariae
1484 3529 1581 3591 Grae-

276 3641 396 3696 corum,
407 3639 514 3680 versus
525 3634 663 3679 austrum
680 3617 712 3678 in
730 3618 787 3696 via,
805 3638 885 3699 quae
902 3618 1043 3679 discurrit
1059 3633 1130 3679 ante
1154 3618 1184 3679 S.
1203 3617 1389 3695 Nicolaum).
1422 3619 1581 3680 Casalium

274 3728 303 3773 et
313 3710 559 3792 possessionum,
572 3727 651 3788 quae
664 3707 755 3769 feuda
766 3708 915 3769 dominus
926 3708 989 3768 dux
1006 3723 1035 3768 et
1051 3727 1219 3769 commune
1230 3707 1424 3769 Venetorum
1440 3723 1582 3790 ternpore

276 3801 427 3883 captionis
437 3798 513 3880 Tyri
524 3798 669 3858 Rolando
680 3798 858 3858 Contareno
869 3816 926 3878 pro
938 3797 974 3858 lll
987 3796 1102 3858 militiis
1119 3797 1212 3874 dedit,
1230 3798 1340 3858 marito
1356 3797 1471 3858 scilicet
1481 3798 1582 3859 Dante

273 3891 387 3967 Guide,
405 3904 645 3951 enumerantur:
663 3886 759 3947 casale
776 3888 934 3965 Laterum,
952 3888 1039 3968 quod
1056 3903 1100 3947 est
1117 3888 1148 3947 in
1166 3887 1292 3960 Lacava,
1314 3887 1422 3948 casalia
1439 3887 1463 3947 F
1465 3888 1580 3965 etonie,

276 3979 441 4060 Melequie,
459 3977 619 4055 Ramadie,
636 3977 771 4054 lhannie,
788 3975 957 4056 Sebequin,
969 3976 1105 4054 Talabie,
1121 3976 1242 4055 Amgie,
1259 3976 1425 4055 Hameisie,
1441 3977 1582 4056 Zaharie,

275 4071 409 4147 Sahasie,
427 4068 574 4131 Conoise.
605 4067 742 4129 Tertiam
759 4083 876 4148 partem
899 4067 1015 4147 accepit
1037 4066 1199 4127 casalium:
1225 4065 1317 4141 Haiff,
1343 4066 1455 4147 Focay,
1479 4066 1581 4146 Johie,

273 4158 468 4235 Terrefelsei,
492 4174 522 4219 et
539 4158 570 4219 in
587 4156 704 4217 civitate
724 4157 857 4218 domum
880 4155 969 4236 (quae
993 4176 1079 4217 nunc
1102 4170 1224 4216 tenetur
1240 4176 1256 4215 a
1273 4156 1405 4218 domino
1423 4156 1460 4216 de
1477 4156 1583 4216 Berito

275 4265 305 4312 et
321 4248 422 4310 firmat
438 4248 471 4309 in
487 4247 640 4308 orientem
657 4245 690 4306 in
705 4247 753 4307 via
770 4247 901 4328 publica,
913 4266 993 4327 quae
1010 4246 1151 4306 discurrit
1168 4260 1238 4305 ante
1255 4245 1286 4306 S.
1299 4245 1433 4321 Petrum,
1450 4245 1482 4306 in
1499 4245 1582 4306 occi-

275 4339 402 4401 dentem
426 4358 533 4399 versus
556 4335 715 4397 ecclesiam
738 4335 768 4396 S.
789 4336 902 4396 Mariae
926 4335 1127 4411 Graecorum,
1152 4354 1258 4396 versus
1280 4335 1524 4415 septentrionem
1550 4334 1582 4396 in

275 4430 371 4490 domo
392 4427 527 4488 Rolandi
544 4425 713 4489 Contareni
738 4425 889 4503 minoris),
916 4445 996 4506 quae
1021 4424 1054 4485 in
1079 4425 1209 4486 tertieria
1229 4425 1422 4485 Venetorum
1448 4424 1582 4485 habitata

275 4518 332 4580 fuit
348 4538 365 4578 a
382 4532 458 4578 tunc
468 4515 573 4593 bajulo
584 4514 771 4576 Pantaleone
787 4516 898 4592 Barbo,
910 4515 973 4591 sed,
987 4534 1086 4595 quum
1098 4513 1197 4575 dictus
1208 4514 1371 4575 Rolandus
1382 4514 1583 4575 Contarenus

275 4607 364 4669 nullo
388 4606 501 4666 herede
521 4605 627 4666 relicto
645 4604 779 4683 obiisset,
797 4605 895 4666 Dame
913 4604 1020 4666 Guido
1037 4623 1104 4664 earn
1120 4604 1278 4665 restituere
1295 4604 1396 4665 noluit
1412 4619 1442 4664 et
1458 4603 1491 4664 in
1508 4622 1583 4684 pro-

274 4696 443 4758 tectionem
473 4695 553 4776 regis
586 4709 726 4775 suscepta
751 4694 877 4754 retinuit
908 4710 1000 4774 atque
1025 4693 1213 4755 moribunda
1239 4693 1386 4754 heredem
1412 4692 1581 4754 constituit.

274 4785 443 4860 Casalium,
467 4804 547 4864 quae
571 4783 742 4845 retinentur
759 4783 922 4844 communi
945 4783 978 4843 in
993 4783 1130 4844 tertierio
1146 4782 1232 4863 Tyri,
1257 4783 1290 4843 in
1313 4782 1428 4862 quibus
1450 4782 1583 4843 habebat

273 4875 394 4937 tertiam
418 4888 547 4955 partem,
573 4893 653 4954 quae
677 4892 730 4935 rex
754 4873 867 4954 partim
891 4873 1027 4955 possidet
1043 4886 1073 4935 et
1088 4872 1201 4954 partim
1225 4871 1375 4934 militibus
1391 4885 1421 4932 et
1436 4870 1582 4934 ecclesiae
