3398 5400
196 356 256 435 362
758 352 931 422 liegesta

193 570 373 650 (Altpreuss.
387 571 590 633 Monatsscbr.
601 572 668 650 XX,
679 592 708 652 p.
723 592 907 653 392-393,
919 573 980 634 No.
994 592 1029 647 7;
1048 573 1084 634 cf.
1097 571 1170 634 ibid.
1187 575 1279 650 1882,
1290 573 1372 652 XlX,
1384 592 1414 653 p.
1428 573 1504 652 642,

194 660 254 720 No.
272 662 331 739 483
357 661 483 722 Forsch.
501 660 582 740 XXI,
600 681 629 742 p.
651 681 721 741 500,
738 662 796 723 No.
816 661 876 742 25).
1410 659 1504 721 1388

255 773 345 836 1273
362 782 443 857 Aug.
462 798 492 856 9,
515 777 577 837 ind.
596 777 617 838 l.
651 783 758 838 Accon
785 778 816 839 in
843 779 939 838 domo
965 779 1142 860 episcopali.
1169 812 1212 822 —
1237 779 1321 840 Cum
1346 778 1503 854 Thomas,

194 866 361 946 Hospitalis
377 867 585 928 thesaurarius
603 867 802 946 Acconensis,
819 888 875 949 pro
893 884 1048 929 conventu
1065 889 1081 928 a
1098 867 1255 930 Richardo
1272 866 1418 946 Anglico,
1437 866 1503 928 cive

195 955 378 1033 Acconensi,
403 957 552 1036 quasdam
577 957 689 1017 domos
712 957 745 1017 in
768 977 843 1036 ruga
868 957 1000 1018 taneriae
1017 958 1191 1018 Acconensi
1216 958 1286 1018 sitas
1303 976 1361 1038 pro
1380 956 1504 1018 MDCC

193 1044 329 1105 bisanciis
346 1046 384 1106 de
402 1064 557 1107 consensu
569 1045 720 1122 Gaulridi,
731 1047 868 1128 episcopi
880 1047 1078 1125 Ebronensis,
1096 1046 1147 1107 cui
1163 1065 1373 1127 unaquaeque
1385 1047 1503 1108 domus

193 1135 354 1195 annuatim
371 1135 382 1195 l
398 1135 567 1196 bisantium
578 1135 733 1213 reddebat,
746 1136 862 1212 emerit,
874 1136 1048 1197 Richardus
1059 1137 1205 1197 baculum
1216 1136 1365 1217 episcopo
1376 1135 1503 1196 tradens

192 1245 224 1284 se
251 1223 398 1284 omnibus
424 1223 543 1302 juribus
569 1224 738 1303 desaisivit,
763 1224 874 1286 baculo
897 1241 999 1286 autem
1023 1241 1149 1306 accepto
1173 1225 1318 1305 magister
1340 1243 1504 1307 possessor

194 1312 290 1374 factus
307 1328 350 1373 est
366 1314 520 1374 dictarum
536 1314 701 1390 domuum,
719 1333 852 1394 quarum
871 1314 948 1375 lines
964 1330 1037 1375 sunt
1053 1335 1089 1375 ex
1106 1332 1188 1396 parte
1206 1315 1334 1375 orientis
1349 1314 1399 1375 via
1417 1316 1501 1395 pub-

193 1401 250 1462 lica
261 1401 404 1480 taneriae,
422 1424 458 1463 ex
475 1418 559 1483 parte
576 1403 745 1464 occidentis
762 1423 855 1480 mare,
873 1417 1009 1484 exparte
1027 1405 1137 1465 boreae
1148 1420 1177 1464 et
1193 1403 1333 1465 meridiei
1345 1404 1502 1484 quaedam

192 1493 307 1552 domus
324 1491 573 1553 Alamannorum
590 1508 618 1553 et
634 1492 691 1553 alia
709 1492 843 1574 Philippi
859 1492 1033 1554 Tanatoris.
1050 1527 1092 1535 —-
1111 1493 1312 1573 Reginaldus,
1337 1492 1504 1554 casalarius

193 1581 373 1661 Hospitalis,
398 1581 545 1643 Nicolaus
568 1582 800 1659 Bonohomine,
827 1583 954 1642 clericus
978 1581 1088 1643 Simon
1112 1583 1150 1643 de
1175 1583 1307 1656 Mossia;
1332 1582 1503 1664 episcopus

193 1671 381 1747 Gaulredus,
398 1671 452 1752 qui
469 1671 587 1750 sigillat.
613 1671 793 1733 Gauffridus
810 1672 847 1732 de
866 1671 1026 1749 Pontibus,
1048 1672 1188 1732 notarius
1209 1672 1363 1752 publicus,
1381 1671 1504 1752 scripsit

193 1760 354 1841 (Paolil,p.
368 1781 487 1839 ¹95-¹
497 1762 548 1838 96,
559 1761 618 1822 No.
633 1780 701 1841 153;
713 1760 750 1822 cl.
761 1761 834 1822 Lois
846 1758 904 1840 [ed.
914 1758 1067 1840 Beugnot]
1078 1761 1136 1843 l,p.
1150 1763 1289 1841 5or,642
1300 1761 1388 1838 not).
1410 1758 1502 1820 1389

280 1920 300 1951 „
348 1879 429 1955 Aug.
454 1897 500 1952 tr,
525 1875 589 1937 ind.
607 1876 628 1936 l.
655 1880 761 1936 Accon
783 1875 815 1937 in
839 1895 958 1937 camera
982 1873 1159 1958 episcopali.
1177 1910 1219 1918 —
1237 1876 1440 1938 Godofredus
1463 1877 1502 1938 de

192 1965 302 2026 ordine
320 1965 577 2042 Praedicatorum,
602 1966 767 2046 episcopus
783 1966 983 2042 Ebronensis,
1001 1982 1030 2027 et
1046 1966 1222 2043 Conradus,
1241 1985 1374 2045 magnus
1390 1966 1502 2027 Theu-

192 2054 371 2116 tonicorum
389 2071 576 2135 praeceptor,
594 2053 749 2115 mediante
760 2054 903 2132 Arnolfo,
915 2055 1088 2116 Nicosiensi
1100 2055 1229 2132 decano,
1241 2073 1345 2116 coram
1362 2055 1501 2133 Thoma,

193 2144 361 2225 patriarcha
373 2143 669 2224 Hierosolymitan0,
682 2144 873 2205 conveniunt
889 2145 926 2205 de
944 2145 1040 2204 domo
1057 2144 1089 2205 in
1108 2146 1216 2205 Monte
1235 2144 1384 2206 Musardo
1401 2149 1502 2205 Acco-

193 2232 281 2292 ncnsi
299 2232 393 2309 sita,¹)
410 2252 489 2313 quae
510 2233 601 2293 habet
617 2235 654 2293 ab
671 2232 789 2294 oriente
806 2235 939 2295 domum
955 2233 1102 2295 Bernardi
1126 2232 1254 2310 olivarii,
1277 2235 1314 2294 ab
1338 2233 1502 2295 occidente

192 2322 330 2402 episcopi
343 2322 541 2400 Ebronensis,
559 2344 574 2382 a
591 2321 719 2383 meridie
736 2322 816 2383 viam
833 2322 1000 2404 publicam,
1017 2340 1045 2384 et
1063 2322 1306 2383 conventionem
1319 2322 1430 2384 factam
1447 2343 1502 2404 pa·

192 2410 339 2471 triarchae
356 2430 390 2471 ac
406 2411 470 2472 suis
486 2410 594 2492 sigillis
611 2413 822 2473 corroborant.
838 2446 882 2455 —
899 2412 1076 2474 Guilelmus
1097 2413 1135 2473 de
1152 2413 1279 2490 Caneta,
1296 2411 1503 2473 marescalcus

193 2500 280 2578 regni
297 2501 610 2582 Hierosolymitani,²l
635 2501 822 2562 Guilielmus
839 2502 876 2562 de
893 2500 995 2580 Flore,
1020 2501 1108 2562 miles
1131 2501 1331 2579 Acconensis,
1356 2501 1503 2582 magister

193 2593 349 2650 Accursus
365 2590 547 2665 advocatus3
571 2590 747 2651 Florentius
763 2607 791 2651 et
807 2590 973 2666 Henricus,
991 2590 1097 2651 fratres
1113 2590 1314 2652 Theutonici.
1331 2591 1501 2667 lohannes,

193 2677 322 2739 clericus
340 2680 540 2755 Acconensis,
565 2679 690 2741 assisius
707 2680 850 2741 ecclesiae
872 2679 901 2740 S.
920 2680 1039 2756 Crucis,
1063 2679 1183 2761 scripsit
1207 2679 1369 2757 (Strehllte,
1388 2700 1417 2761 p.
1443 2681 1500 2741 116

193 2771 319 2842 -118,
338 2769 397 2829 Nu.
423 2770 496 2843 1263
522 2768 560 2829 cf.
578 2768 749 2849 Altpreuss.
769 2769 973 2830 Monatsschr.
998 2771 1089 2846 1882,
1106 2768 1187 2847 XlX,
1213 2789 1241 2850 p.
1260 2770 1335 2849 643,
1361 2771 1422 2831 Νο.
1441 2788 1500 2850 49;

194 2878 224 2939 p.
244 2858 430 2937 646—647,
449 2859 508 2919 No.
533 2878 586 2937 193
612 2858 737 2919 Forsch.
754 2859 834 2936 XXl,
853 2878 882 2939 p.
904 2879 975 2938 501,
994 2860 1053 2920 No.
1074 2859 1124 2936 26)
1411 2856 1502 2918 1390

268 2961 288 3025 ¹)
308 2957 352 3012 Cs.
367 2975 452 3029 supra
465 2959 520 3013 No.
538 2976 614 3030 1207,
632 2959 705 3031 1388.
781 2962 803 3026 ²)
823 2960 866 3013 De
881 2976 916 3013 eo
931 2958 966 3013 cf.
981 2959 1106 3028 Eracles,
1119 2977 1145 3030 p.
1158 2962 1220 3030 463.

282 3107 301 3137 „
349 3067 430 3140 Aug.
451 3084 501 3142 25,
528 3063 591 3124 ind.
610 3063 630 3123 l.
660 3068 778 3124 Accon.
804 3096 847 3105 —
872 3063 1013 3124 Thomas
1039 3064 1076 3123 de
1103 3063 1212 3124 ordine
1239 3063 1501 3140 Praedicatorum,

193 3152 363 3233 patriarcha
385 3152 688 3234 Hierosolymitanus
704 3167 733 3212 et
751 3152 894 3213 ecclesiae
919 3152 1109 3213 Acconensis
1132 3151 1282 3229 minister,
1307 3153 1501 3234 emptionem

193 3261 285 3322 supra
303 3242 372 3317 (No.
398 3242 488 3321 1389)
506 3241 616 3302 dictam
633 3262 692 3303 suo
710 3255 738 3302 et
755 3241 908 3317 Gaufridi,
932 3242 1069 3322 episcopi
1088 3242 1287 3319 Ebronensis,
1306 3242 1408 3320 sigillo
1426 3262 1502 3304 con-

193 3330 301 3391 firmat.
326 3364 368 3373 —
394 3330 593 3407 Guilielmus,
619 3331 783 3412 episcopus
805 3331 1046 3408 Tiberiadensis,
1056 3332 1075 3408 ¹)
1101 3331 1259 3391 lohannes
1284 3332 1322 3392 de
1349 3331 1502 3393 Placentia

192 3421 368 3497 advocatus,
380 3421 538 3481 lohannes
549 3420 788 3498 Marricularius,
799 3420 938 3480 notarius
949 3421 1101 3501 publicus,
1111 3421 1244 3481 lacobus
1261 3437 1289 3480 et
1307 3419 1502 3499 Dominicus,

193 3510 298 3570 fratres
321 3509 355 3570 B.
374 3510 488 3570 Mariae
506 3509 544 3570 de
561 3507 715 3570 Carmelo.
749 3509 918 3571 Gaufridus
935 3511 973 3571 de
997 3510 1157 3585 Pontibus,
1182 3509 1322 3571 notarius
1345 3510 1501 3591 publicus,

192 3599 311 3679 scripsit
335 3597 429 3674 (Paoli
448 3598 468 3673 l,
493 3618 522 3678 p.
547 3600 742 3677 196—197,
765 3600 826 3660 Νο.
851 3618 925 3678 1543
952 3599 989 3659 cf.
1008 3598 1081 3659 Lois
1103 3596 1161 3677 [ed.
1181 3596 1334 3680 Beuguot]
1353 3598 1388 3675 ll,
1413 3619 1444 3680 p.
1460 3620 1501 3678 99

192 3687 281 3763 not).
1411 3686 1497 3748 1391

268 3793 287 3856 ¹)
307 3789 350 3843 De
365 3804 424 3859 quo
439 3786 575 3842 Robricht
588 3787 616 3842 in
630 3789 740 3842 ZDPV.
752 3789 787 3858 X,
801 3806 827 3860 p.
843 3806 883 3861 3¹·

282 3937 300 3969 „
347 3891 454 3969 (1272)
471 3891 582 3952 Octob.
607 3913 652 3972 12,
677 3893 741 3953 ind.
759 3892 780 3954 1.
814 3898 919 3954 Accon
945 3891 976 3951 in
1000 3912 1075 3972 ruga
1096 3891 1502 3954 Pisanorum.-Grassus

193 3981 322 4041 Pisanus
333 4000 406 4042 cum
416 3982 535 4042 Barone
547 3981 728 4042 Florentino
739 3983 901 4061 quondam
911 3982 1156 4056 Bonaventurae,
1167 4000 1276 4042 socero
1286 3999 1356 4058 su0,
1368 3980 1406 4042 de
1419 3983 1500 4061 dote,

193 4091 286 4149 quam
299 4070 489 4131 Alamannae
501 4069 579 4130 filiae
592 4087 742 4151 nupturae
754 4072 825 4132 dare
836 4071 916 4146 velit,
933 4087 1055 4149 pactum
1069 4070 1146 4130 lacit.
1163 4103 1208 4112 —
1225 4076 1338 4131 Actum
1356 4069 1387 4131 in
1404 4072 1502 4133 domo

193 4160 306 4237 Grassi,
316 4180 396 4239 quae
408 4177 451 4220 est
462 4160 597 4220 liliorum
607 4160 788 4222 Gbiuibaldi
807 4207 973 4221 .........
991 4158 1108 4238 angulo
1117 4158 1274 4236 Vanellae,
1285 4175 1355 4220 aute
1366 4161 1501 4223 domum

192 4249 388 4328 Bonagiunte
405 4249 500 4329 Spani
518 4268 620 4309 coram
638 4249 777 4328 Pellario,
795 4248 859 4309 filio
877 4249 997 4310 domini
1014 4249 1150 4309 Raiuerii
1168 4250 1205 4309 de
1223 4248 1308 4325 Pisis,
1334 4249 1502 4312 Lamberto

193 4339 354 4418 quondam
380 4338 485 4399 Grassi
508 4355 537 4399 et
560 4338 688 4399 Simone
715 4339 875 4418 quondam
902 4337 1024 4399 Aliocti.
1060 4338 1200 4399 Ubaldus
1224 4338 1387 4417 quondam
1411 4340 1501 4401 Corsi

193 4429 231 4488 de
258 4427 399 4504 Peccioli,
433 4427 581 4508 imperiali
607 4428 786 4489 auctoritate
821 4428 968 4504 notarius,
1000 4427 1119 4508 scripsit
1144 4426 1193 4502 (G.
1221 4428 1344 4503 Muller,
1371 4447 1401 4509 p.
1434 4447 1501 4505 102,

193 4518 253 4578 Νο.
273 4538 309 4584 71
323 4517 367 4594 Β).
1410 4515 1501 4577 1392

237 4619 249 4704 (
287 4666 306 4697 ,,
354 4621 1502 4704 c).—(GregoriusX)(Thomae),patriarcbaeHierosolymitanoacS.A.

192 4712 302 4790 legato,
314 4711 426 4789 scribit,
445 4731 476 4771 se
493 4730 613 4772 novum
622 4712 746 4792 Templi
765 4712 947 4791 magistrum
958 4710 1184 4790 Gluillelmum)
1201 4712 1239 4772 de
1255 4710 1416 4789 Bellojoco
1433 4729 1503 4775 ante

193 4800 360 4861 concilium
378 4800 564 4862 celebratum
581 4801 613 4861 in
632 4801 761 4862 Terram
779 4802 922 4863 Sanctam
946 4802 1098 4862 remittere
1123 4821 1188 4861 non
1208 4819 1299 4880 posse
1317 4817 1345 4863 et
1363 4822 1421 4882 pro
1438 4801 1504 4881 eius

192 4889 332 4951 subsidio
342 4889 406 4967 regi
419 4890 610 4952 Francorum
621 4890 769 4951 nuntium
785 4890 949 4972 specialem
966 4890 1173 4970 destinavisse,
1184 4891 1297 4952 deinde
1315 4893 1453 4973 mandat,
1471 4908 1504 4954 ut
