3398 5400
252 353 314 415 266
811 347 987 418 Regesta

249 441 408 449 ——..—.
430 440 609 448 .-—--·.-—-—
615 441 643 447 .-.
649 442 654 446 .

250 565 421 628 confirmat.
440 601 481 610 —
498 567 653 645 Balianus,
671 567 819 628 dominus
836 567 981 648 Sydonis,
1005 565 1078 627 Odo
1094 566 1133 628 de
1151 568 1259 628 Monte
1276 566 1428 647 Beliardo,
1449 587 1554 629 come-

250 656 388 717 stabulus
405 656 492 735 regni
507 656 766 738 ierosolymitani,
777 657 935 718 lohannes
952 656 990 717 de
1008 655 1152 733 Ybelino,
1170 656 1320 735 Thomas,
1338 676 1444 719 comes
1459 662 1554 718 Acer-

250 765 354 824 ranus,
386 746 505 807 balivus
536 745 622 824 regni
648 745 907 828 ierosolymitani,
941 746 1092 807 Ricardus
1117 745 1320 826 Filangerius,
1353 746 1556 808 marescalcus

253 851 408 912 «noster»,
426 835 596 897 Garnerius
613 834 807 896 Alemannus
829 835 879 913 (H.
897 834 1057 896 Breholles
1074 835 1120 915 lll,
1137 856 1167 918 p.
1191 855 1378 911 117-1203
1404 836 1555 912 Strehllre,

225 994 228 1000 .
250 945 280 1006 p.
302 944 440 1005 54-55,
458 926 518 986 Νο.
537 926 595 1004 65;
621 924 892 1003 Bohmer-Ficlrer,
910 926 970 985 No.
994 928 1096 1004 ¹751l·
1464 923 1554 985 1013

299 1039 389 1100 1229
407 1041 513 1122 April,
530 1041 593 1102 ind.
606 1041 639 1102 ll.
657 1044 775 1103 Accon.
786 1076 830 1085 -
847 1040 1020 1103 Fridericus
1032 1041 1056 1101 ll
1067 1040 1234 1122 imperator
1245 1040 1361 1102 Montis
1371 1041 1555 1122 pessulanis,

250 1130 304 1211 qui
321 1131 423 1192 adhuc
439 1130 472 1191 in
490 1131 619 1191 navibus
632 1130 872 1193 Massiliensium
884 1135 991 1191 Accon
1008 1130 1113 1191 venire
1129 1129 1209 1191 soliti
1227 1150 1323 1207 nunc,
1335 1149 1434 1210 quum
1452 1131 1554 1192 eidem

250 1219 283 1280 in
299 1221 404 1280 banno
421 1219 542 1300 imperii
559 1235 728 1297 versentur,
753 1221 939 1301 praedictam
956 1221 1065 1280 urbem
1083 1219 1115 1280 in
1132 1220 1266 1281 aliorum
1283 1220 1414 1282 navibus
1430 1221 1556 1299 adeunt,

250 1309 391 1370 concedit
414 1324 443 1370 et
459 1308 560 1388 sigillo
577 1308 748 1387 confirmat,
774 1325 807 1371 ut
823 1311 861 1371 de
879 1310 971 1370 rebus
988 1324 1017 1369 et
1033 1308 1244 1370 mercimoniis
1267 1308 1330 1370 suis
1354 1309 1391 1369 ad
1415 1326 1555 1371 catenam

251 1398 332 1460 idern
350 1399 499 1460 tributum
517 1399 603 1478 quod
620 1413 709 1460 antea
725 1399 854 1460 solvant.
872 1428 910 1444 -
932 1397 1097 1479 Balyanus,
1118 1398 1266 1460 dominus
1290 1398 1436 1479 Sydonis,
1460 1398 1556 1460 Oddo

250 1488 288 1549 de
306 1488 574 1569 MontebelyardO,
598 1489 848 1566 comesltabulus]
866 1488 953 1567 regni
970 1487 1257 1568 Hierosolymitani,
1280 1488 1432 1564 Thomas,
1450 1507 1555 1550 comes

249 1581 392 1654 Acerrae,
403 1577 502 1638 balius
512 1575 652 1655 ejusdem
664 1578 761 1657 regni,
772 1579 930 1639 lohannes
941 1578 979 1638 de
990 1576 1135 1654 Ybelino,
1147 1577 1339 1638 Guarnerius
1349 1578 1555 1656 Alemannus,

250 1671 415 1748 Aymarus,
425 1685 523 1747 nepos
532 1666 629 1727 fratris
642 1668 767 1748 Aymari
778 1667 1023 1744 (Winlrelmann,
1036 1672 1110 1728 Acta
1121 1666 1234 1728 inedita
1246 1666 1267 1745 l,
1279 1686 1309 1747 p.
1321 1687 1393 1746 272,
1403 1668 1464 1728 No.
1476 1687 1555 1748 3023

250 1755 520 1833 Bdhmer-Ficker,
536 1756 598 1817 Nn.
622 1757 723 1836 1752).
1465 1754 1556 1816 1014

331 1907 350 1939 ,,
397 1860 469 1941 Maj.
495 1868 613 1924 Accon.
635 1897 677 1906 —
693 1864 861 1941 Geroldus,
884 1863 1053 1944 patriarcha
1071 1863 1383 1945 Hierosolymitanus,
1408 1864 1556 1925 omnibus

250 1951 364 2014 Christi
381 1951 534 2031 fidelibus,
546 1953 616 2032 quis
633 1953 724 2015 fuerit
741 1953 773 2014 in
789 1954 885 2015 Terra
896 1952 1006 2014 Sancta
1016 1952 1163 2014 Friderici
1174 1952 1198 2013 ll
1209 1973 1382 2034 processus,
1394 1954 1557 2016 denuntiat

250 2041 406 2121 incusans,
418 2043 505 2122 quod
522 2040 572 2102 ille
590 2057 660 2123 post
675 2062 769 2103 suum
786 2043 869 2123 apud
880 2048 987 2104 Acron
998 2043 1132 2104 reditum
1144 2043 1286 2104 fratribus
1296 2041 1422 2124 Templi
1439 2057 1469 2103 et
1484 2043 1557 2104 viris

250 2130 400 2211 religiosis
417 2129 544 2208 injurias
560 2146 590 2192 et
605 2133 719 2192 damna
735 2148 914 2193 enumerata
930 2130 1066 2193 intulerit
1083 2132 1267 2207 (Matthaeus
1283 2132 1366 2192 Paris
1384 2131 1430 2210 lll,
1447 2152 1478 2214 p.
1496 2154 1555 2211 179

250 2221 375 2299 —1843
401 2221 441 2281 H.
460 2220 619 2282 Bre‘holles
635 2221 717 2297 lllA,
735 2241 765 2302 p.
789 2242 822 2302 ¹3
831 2222 981 2302 5—140).
1465 2219 1556 2281 1015

332 2374 351 2404 ,,
399 2325 481 2405 Mai,
498 2328 561 2388 ind.
574 2328 607 2389 ll.
628 2328 715 2410 Tyri.
735 2362 775 2370 -
792 2328 966 2389 Fridericus
983 2329 1007 2389 ll
1024 2327 1192 2410 imperator
1207 2328 1343 2390 lohanni
1359 2330 1397 2389 de
1414 2329 1556 2410 Bagnolo

250 2436 307 2499 pro
324 2416 453 2478 servitiis
470 2417 527 2499 ipsi
543 2417 685 2478 exhibitis
702 2418 733 2479 in
750 2419 826 2479 urbe
838 2417 1226 2499 Hierosolymitanadonat
1243 2434 1271 2479 et
1281 2418 1383 2498 sigillo
1394 2418 1557 2480 confirmat

252 2508 395 2582 domum,
415 2526 495 2586 quae
513 2507 570 2568 fuit
592 2508 754 2587 quondam
777 2508 857 2568 Petri
881 2527 966 2569 nunc
981 2527 1055 2568 vero
1071 2509 1108 2567 ab
1125 2507 1274 2588 imperiali
1291 2508 1374 2568 curia
1390 2523 1512 2569 tenetur
1529 2525 1558 2569 et

250 2595 334 2675 juxta
344 2611 478 2656 veterem
490 2596 668 2657 bocheriam
685 2597 740 2657 sita
757 2613 811 2674 est,
829 2616 902 2658 cum
919 2597 1007 2657 omni
1019 2596 1179 2678 propresio
1190 2613 1218 2657 et
1230 2596 1420 2676 pertinentiis
1431 2616 1557 2659 necnon

251 2684 409 2764 balneum,
427 2687 513 2764 quod
531 2702 600 2746 ante
618 2685 725 2747 faciem
744 2685 841 2768 ipsius
857 2686 972 2748 domus
988 2702 1043 2763 est,
1067 2686 1114 2746 via
1137 2686 1261 2767 publica
1277 2687 1495 2748 intercedente.
1513 2722 1557 2730 —

251 2774 405 2853 Balianus,
432 2775 580 2836 dominus
606 2775 751 2857 Sydonis,
784 2775 952 2838 Garnerius
977 2777 1181 2854 Alamannus,
1211 2780 1317 2856 Aynto
1350 2796 1447 2858 nepos
1479 2774 1556 2856 ejus,

251 2863 361 2926 Daniel
379 2864 416 2924 de
427 2864 648 2942 Talremunde,
660 2864 1050 2946 AymericusChenardus,
1062 2870 1216 2946 hymarus
1232 2863 1363 2944 juvenis,
1383 2867 1557 2926 Menabove

251 2952 346 3104 letiam
369 2953 615 3119 (W)inkelmann,
639 2959 714 3015 Acta
738 2953 850 3016 inedita
873 2955 895 3031 l,
920 2974 949 3036 p.
970 2974 1042 3034 273,
1066 2955 1127 3015 No.
1154 2973 1234 3034 3033
1265 2953 1557 3103 Bohmer-Filcylrpre,

282 3062 311 3104 0.
335 3063 436 3122 1755.

332 3194 352 3225 „
398 3150 480 3227 lun,
500 3150 562 3210 ind.
581 3150 613 3211 ll.
641 3151 791 3213 Nicosiae.
809 3185 853 3195 —
869 3151 1035 3231 Henricus,
1059 3171 1111 3212 rex
1128 3151 1235 3232 Cypri,
1253 3150 1363 3211 domui
1379 3151 1558 3212 Theutoni-

251 3257 359 3300 corum
377 3254 405 3299 et
422 3239 606 3300 Hermanno
630 3241 775 3320 magistro
795 3242 892 3302 casale
909 3240 1070 3319 Clavodie,
1093 3241 1172 3301 sicut
1187 3240 1344 3300 lohannes
1361 3240 1399 3300 de
1417 3238 1559 3300 Milmars

251 3329 437 3410 possederat,
456 3348 529 3389 curn
547 3329 738 3410 pertinentiis
755 3346 784 3391 et
799 3331 942 3405 domurn,
960 3350 1039 3411 quae
1057 3329 1113 3390 luit
1130 3328 1269 3391 Druonis
1286 3330 1324 3389 de
1341 3329 1464 3407 Bedort,
1482 3350 1556 3391 cum

250 3417 368 3479 ambitu
392 3438 451 3479 suo
476 3417 628 3493 Nicosiae,
659 3439 759 3498 quum
789 3420 912 3496 domos,
943 3438 1020 3498 quas
1043 3418 1297 3499 Haymericusll,
1322 3419 1484 3498 quondam
1506 3437 1558 3479 rex

251 3506 357 3588 Cypri,
375 3506 474 3567 eidem
493 3508 602 3568 domui
613 3508 754 3570 Nicosiae
770 3510 842 3570 sitas
859 3510 993 3587 dederat,
1005 3507 1155 3589 aquitarir,
1166 3508 1308 3568 concedit
1325 3524 1352 3568 et
1369 3508 1470 3587 sigillo
1481 3527 1558 3569 con-

251 3595 360 3657 firmat.
379 3630 421 3639 —
437 3596 625 3658 Guillelmus
643 3598 680 3658 de
697 3598 817 3677 Riveto,
830 3598 1014 3680 Aymericus
1031 3598 1164 3678 Barlays,
1176 3597 1350 3657 Amalricus
1361 3598 1399 3657 de
1410 3598 1557 3675 Bessan0,

250 3688 432 3765 Gauvanus,
450 3687 547 3767 Hugo
563 3687 601 3748 de
618 3687 760 3748 Gibeleto
777 3687 935 3767 (Strehlke,
952 3708 982 3768 p.
1004 3688 1052 3767 56,
1071 3687 1131 3747 Nu.
1151 3705 1208 3759 713
1227 3685 1264 3747 cf.
1284 3705 1312 3766 p.
1336 3687 1415 3762 127).
1467 3685 1557 3746 1017

333 3837 352 3868 ,,
399 3793 491 3867 Νον.,
502 3791 566 3853 ind.
579 3792 624 3853 lll.
643 3792 823 3853 Saonae.-
834 3792 1090 3870 Methafardinus,
1099 3794 1118 3869 1)
1130 3792 1278 3853 dominus
1289 3791 1420 3870 Saonae,
1432 3792 1560 3853 Venetis

251 3902 307 3963 per
329 3901 458 3943 manum
480 3881 632 3942 Johannis
655 3881 845 3961 Succugullo
869 3882 901 3943 in
925 3882 1069 3943 dominio
1092 3902 1151 3943 suo
1168 3882 1361 3942 securitatem
1378 3897 1406 3942 et
1423 3880 1558 3942 liberum

251 3971 475 4032 commercium
492 3971 632 4032 concedit
650 3986 679 4032 et
695 3970 796 4050 sigillo
814 3970 976 4032 confirmat
998 3970 1254 4047 (Talel-Thomas
1271 3970 1304 4050 ll,
1321 3991 1351 4052 p.
1372 3991 1559 4051 272-273,

251 4061 312 4122 No.
332 4077 411 4139 275;
436 4061 474 4121 cf.
492 4060 640 4121 Archives
657 4062 686 4121 d.
704 4061 788 4121 miss.
806 4060 936 4121 scientis.
955 4060 989 4137 ll,
1007 4081 1036 4141 p.
1057 4080 1136 4140 354;
1154 4061 1246 4141 Heyd
1264 4061 1285 4138 l,
1303 4080 1333 4140 p.
1353 4060 1435 4141 376).
1466 4057 1558 4119 1018

326 4166 347 4229 ¹)
366 4159 507 4216 Mozaffer
519 4160 633 4216 ad-din.

334 4310 353 4341 „
401 4267 486 4343 Dec,
513 4266 639 4329 indlll.
671 4264 835 4346 Adaleppi.
859 4300 903 4308 —
927 4265 1165 4343 Mellechallis,¹)
1189 4265 1339 4327 soldanus
1362 4266 1400 4326 de
1425 4265 1559 4345 Alapp0,

251 4356 379 4418 Venetis
404 4375 459 4436 per
484 4375 614 4417 manunt
639 4355 790 4416 lohannis
816 4355 1017 4435 Succugullo,
1044 4357 1075 4416 in
1102 4374 1199 4435 regno
1225 4375 1284 4416 suo
1307 4353 1513 4433 securitatem,
1530 4371 1561 4415 et

251 4447 384 4508 liberum
395 4445 629 4522 commercium,
646 4445 684 4505 ad
702 4461 829 4526 pontem
842 4445 864 4522 2)
877 4444 1037 4506 londicum
1055 4446 1092 4505 ad
1110 4444 1344 4525 hospitandum,
1356 4444 1451 4504 litiae
1462 4442 1560 4504 eccle-

252 4535 340 4613 siam,
357 4535 485 4613 curiam,
510 4533 649 4613 bajulum
666 4550 696 4595 et
712 4534 853 4610 furnum,
877 4535 1028 4616 Adaleppi
1047 4534 1218 4612 fundicum,
1241 4534 1357 4595 curiam
1373 4550 1403 4595 et
1419 4531 1561 4610 bajulum

252 4624 395 4686 concedit
411 4640 440 4684 et
456 4624 557 4703 sigillo
574 4623 736 4685 confirmat
753 4623 1009 4700 (Tafel-Thomas
1026 4623 1059 4701 ll,
1082 4643 1112 4704 p.
1133 4624 1316 4703 274—276,
1335 4623 1394 4684 No,
1415 4623 1494 4699 2763
1520 4623 1559 4683 cf.

251 4714 400 4776 Archives
424 4714 454 4775 d.
475 4713 559 4773 miss.
577 4713 708 4775 scientif.
726 4713 761 4791 ll,
785 4733 815 4794 p.
836 4732 914 4793 3533
948 4713 1049 4774 Marin
1067 4712 1117 4790 lV,
1142 4733 1171 4794 p.
1191 4714 1396 4792 246—248;
1428 4712 1520 4792 Heyd
1536 4712 1559 4788 l,

252 4823 282 4885 p.
303 4803 385 4883 377).
1469 4798 1560 4860 1019

328 4908 349 4973 ¹)
367 4902 455 4959 Mallik
468 4903 581 4959 al-Aziz
594 4903 706 4975 (1216-
717 4904 803 4976 1236).
879 4911 901 4972 ²)
921 4902 1114 4975 Keschsahain,
1127 4904 1162 4958 de
1176 4920 1236 4975 quo
1250 4919 1337 4973 supra
1351 4903 1405 4957 Νο.
1419 4900 1481 4973 826,
1494 4914 1557 4959 not.
