3398 5400
311 325 369 392 126
868 315 1043 393 Regesta

718 417 800 423 ——.
810 418 894 423 ..-
903 418 911 422 -
1196 413 1609 424 -ι--ι-ᾑ-ι-ὺ-Α

305 564 333 625 p.
354 544 436 624 333).
454 538 462 624 ll
479 543 592 604 Charta
610 558 713 603 nostra
730 543 791 603 fere
808 545 902 603 verbo
920 558 1011 603 tenus
1027 543 1134 603 eadem
1152 559 1207 618 est,
1225 563 1319 623 quam
1336 563 1429 623 supra
1446 543 1517 619 (No.
1538 544 1610 620 292)

304 632 514 714 excerpsimus
531 632 671 711 (Langer,
687 633 706 693 l.
724 653 748 693 c.
768 653 797 714 p.
822 652 941 712 157—t
953 633 1012 711 58).
1541 628 1611 691 478

366 755 465 832 1170,
483 757 546 818 ind.
559 757 606 817 lll.
624 790 668 799 —
684 756 868 834 G(alterius),
880 755 1023 838 princeps
1034 756 1198 832 Galilaeae,
1210 775 1365 817 consensu
1377 755 1482 817 uxoris
1492 757 1611 833 E(schi-

304 849 368 926 vae)
385 863 414 908 et
437 846 573 907 liliorum
598 844 741 906 ecclesiae
765 845 795 907 S.
813 845 918 906 Lazari
942 846 979 906 de
1002 846 1171 906 Jerusalem
1188 846 1255 907 Vlll
1279 846 1426 907 bisantios
1450 846 1488 906 de
1513 846 1610 908 funda

302 937 452 998 Tabariae
470 935 630 996 annuatim
647 934 841 1016 recipiendos
858 935 1000 996 concedit
1018 950 1048 995 et
1071 935 1242 995 confirmat.
1260 969 1304 978 —
1321 935 1359 997 G.
1378 936 1415 995 de
1432 934 1553 1013 Bailoil,
1571 936 1610 998 G.

304 1027 484 1102 vicecomes,
504 1024 681 1085 Willelmus
698 1025 903 1103 marescallus,
922 1025 1100 1085 Willelmus
1117 1026 1154 1085 de
1172 1025 1280 1102 Sueca,
1305 1024 1451 1086 Giraldus
1467 1026 1505 1086 de
1523 1025 1611 1087 Cais-

304 1117 385 1177 nei0.
411 1115 540 1176 Factum
557 1113 712 1174 Amalrico
731 1113 741 1173 l
759 1129 906 1192 regnante
926 1114 1084 1190 (Archives
1101 1115 1138 1175 de
1158 1114 1292 1175 l‘Orient
1309 1114 1382 1175 latin
1400 1113 1424 1174 ll
1433 1115 1468 1191 B,
1486 1134 1515 1194 p.
1541 1135 1610 1194 144,

304 1206 364 1267 No.
384 1206 441 1281 263
468 1204 504 1265 cf.
523 1202 674 1282 Cibrari0,
691 1223 721 1284 p.
741 1204 821 1283 2363
848 1203 994 1278 Ferrand,
1012 1223 1041 1283 p.
1062 1202 1122 1283 31).
1540 1200 1611 1263 479

348 1329 358 1405 (
398 1373 416 1404 ‚,
463 1326 639 1404 autumno).
665 1360 709 1370 —
735 1327 919 1387 Conventus
943 1326 1112 1407 Hospitalis
1145 1324 1356 1387 Alexandrum
1380 1326 1418 1387 lll
1449 1327 1609 1388 certiorem

304 1419 372 1479 lacit
388 1419 426 1478 de
443 1416 673 1478 renuntiatione
691 1415 822 1477 Gisberti
842 1416 987 1494 magistri.
1027 1415 1088 1476 Hic
1113 1415 1197 1476 enim
1220 1415 1284 1494 regi
1309 1415 1554 1494 confirmaverat,
1579 1437 1610 1478 se

305 1507 480 1586 magisterio
510 1507 652 1587 deposito
678 1506 710 1565 in
736 1505 937 1566 solitudinem
965 1525 997 1564 se
1030 1506 1163 1585 recipere
1194 1505 1287 1582 velle,
1320 1523 1349 1564 et
1375 1504 1484 1565 frustra
1509 1507 1547 1565 ab
1572 1525 1611 1568 eo

304 1596 515 1658 commonitus
539 1596 632 1675 paulo
656 1610 725 1675 post
748 1597 865 1675 absque
888 1594 1008 1654 licentia
1032 1595 1114 1673 regia
1137 1594 1236 1655 redire
1262 1594 1385 1674 paravit.
1427 1595 1611 1675 Priusquam

304 1706 377 1747 vero
394 1685 492 1758 rediit,
504 1684 621 1761 (Guido
638 1685 676 1744 de
694 1683 841 1757 Mahone)
862 1699 1040 1764 praeceptor
1056 1699 1085 1743 et
1101 1683 1299 1758 (Guillelmus
1315 1683 1353 1743 de
1369 1684 1521 1762 Forgiail,
1539 1703 1611 1766 pro·

305 1791 427 1836 curator
450 1773 658 1849 infirmorum,
685 1793 757 1833 cum
779 1773 884 1832 multis
901 1773 1042 1833 fratribus
1058 1791 1093 1832 ac
1108 1772 1213 1834 litteris
1231 1773 1405 1833 marescalci
1430 1773 1610 1849 (Raimundi

304 1864 476 1925 Tiberiadis
485 1864 506 1941 ἲ)
531 1879 560 1923 et
583 1879 754 1923 conventus
772 1881 844 1923 eum
861 1863 1013 1939 adierunt,
1032 1880 1070 1922 ne
1087 1878 1193 1923 contra
1210 1861 1258 1939 jus
1276 1862 1382 1941 fasque
1400 1863 1432 1922 in
1449 1863 1610 1943 proposito

305 1968 485 2029 remaneret,
503 1972 605 2031 neque
622 1971 695 2012 vero
711 1971 785 2012 eum
802 1951 922 2011 flectere
940 1966 1119 2031 potuerunt.
1139 1951 1237 2012 Paulo
1254 1967 1323 2031 post
1340 1967 1520 2032 praeceptor
1536 1971 1611 2013 con-

304 2043 374 2103 silio
390 2041 598 2123 procuratoris
622 2040 830 2115 infirmorum,
854 2042 1090 2100 castellanorum
1115 2040 1295 2117 (Garnerii?l
1320 2040 1456 2102 Gibclini
1473 2056 1501 2101 et
1519 2040 1610 2102 Belli-

306 2132 420 2192 montis
436 2151 470 2191 ac
487 2131 659 2191 multorum
671 2129 798 2190 fratrum
810 2129 974 2206 (Heraclio)
986 2130 1182 2209 patriarchae,
1195 2130 1341 2206 (Radullo
1352 2129 1373 2204 Ι)
1384 2129 1611 2192 Bethlemitano

305 2238 333 2281 et
349 2220 528 2297 (bernardo)
547 2219 704 2294 Liddensi,
722 2219 884 2299 episcopis,
903 2237 1026 2279 necnon
1050 2219 1150 2294 (Petro
1167 2218 1211 2295 ll),
1235 2219 1336 2279 abbati
1355 2219 1440 2279 vallis
1455 2219 1610 2300 iosaphat,

305 2329 368 2370 rem
388 2309 580 2384 nuntiarunt,
592 2309 779 2388 quibuscum
798 2309 862 2388 ipse
879 2309 916 2368 ad
934 2327 1057 2369 caveam
1067 2308 1200 2369 Gisberti
1213 2309 1433 2388 profectusest,
1444 2309 1499 2368 sed
1510 2328 1610 2389 quum

305 2400 419 2460 horum
436 2398 704 2459 admonitionibus
727 2398 853 2458 obedire
878 2397 1037 2474 noluisset,
1063 2398 1231 2478 patriarcha
1254 2400 1312 2458 sub
1335 2398 1462 2459 vinculo
1486 2417 1610 2458 excom-

305 2488 525 2549 municationis
542 2488 569 2547 ei
587 2487 753 2563 mandavit,
770 2502 803 2546 ut
813 2487 851 2546 ad
863 2486 1074 2565 magisterium
1086 2487 1206 2547 rediret.
1223 2488 1316 2547 Nunc
1326 2487 1455 2567 quidem
1465 2487 1613 2567 magister

304 2597 377 2639 cum
394 2577 482 2638 dictis
498 2578 629 2637 domum
647 2596 736 2637 suam
754 2595 895 2635 reversus
912 2591 965 2652 est,
983 2575 1036 2635 sed
1053 2595 1153 2654 quum
1168 2576 1370 2655 subsequenti
1382 2576 1431 2636 die
1443 2577 1611 2656 patriarcha

306 2667 338 2727 in
356 2667 468 2747 palatio
486 2667 667 2746 magistrum
683 2665 859 2725 renuntiare
877 2681 906 2725 et
917 2665 1023 2726 fratres
1034 2665 1129 2725 alium
1140 2666 1322 2744 magistrum
1333 2666 1444 2744 eligere
1456 2666 1609 2744 vetuisset,

305 2756 355 2816 ille
376 2775 449 2816 cum
474 2770 671 2836 praeceptore
695 2771 723 2815 et
746 2754 812 2814 aliis
835 2755 891 2814 sibi
916 2753 1089 2815 faventibus
1112 2754 1255 2815 fratribus
1279 2755 1413 2816 Romam
1437 2754 1610 2835 appellavit.

305 2846 408 2906 Altera
426 2845 475 2905 die
492 2845 653 2907 Gisbertus
670 2863 741 2905 cum
759 2843 977 2904 archidiacono
995 2843 1281 2924 Hierosolymitano
1298 2862 1327 2905 et
1342 2861 1543 2925 procuratore
1560 2845 1611 2906 in·

305 2935 467 2995 firmorum
486 2955 502 2994 a
520 2934 687 3014 patriarcha
705 2934 888 3014 petiverunt,
914 2949 947 2993 ut
969 2952 1103 3013 poenam
1127 2933 1459 2994 excommunicationis
1483 2934 1610 3013 tolleret,

304 3025 358 3084 sed
370 3043 470 3105 quum
488 3024 549 3084 hoc
565 3022 685 3084 efficere
704 3042 768 3084 non
786 3023 943 3103 potuisset,
960 3022 993 3081 in
1009 3042 1134 3082 caveam
1151 3023 1249 3083 rediit.
1267 3023 1361 3084 Nunc
1377 3023 1482 3083 fratres
1499 3023 1611 3084 iterum

306 3133 379 3174 eum
396 3112 537 3173 adierunt
554 3113 708 3193 precibus,
725 3128 759 3173 ut
775 3112 984 3189 magisterium
995 3111 1147 3189 retineret,
1159 3126 1188 3172 et
1198 3113 1405 3193 postularunt,
1417 3128 1451 3173 ut
1461 3112 1493 3172 in
1505 3110 1612 3193 pleris-

305 3222 367 3281 que
383 3220 468 3262 actus
484 3222 559 3263 suos
576 3202 750 3280 corrigeret,
768 3221 807 3261 ne
825 3200 857 3261 in
873 3199 1050 3261 confinibus
1060 3201 1238 3261 Turcorum
1251 3201 1370 3262 castella
1381 3202 1612 3263 etmunitiones

304 3291 482 3371 susciperet,
508 3311 546 3351 ne
570 3291 804 3371 supervacaneis
821 3290 964 3370 expensis
980 3291 1113 3350 domum
1130 3306 1267 3369 gravaret
1283 3311 1360 3351 neve
1378 3292 1454 3351 clam
1477 3291 1611 3371 capitulo

305 3396 334 3440 et
351 3380 493 3441 fratribus
510 3381 671 3458 negotium
688 3380 907 3446 tractaret,·sed
925 3379 973 3439 ille
991 3379 1160 3460 respondit,
1178 3400 1209 3440 se
1227 3381 1392 3461 pecuniam
1410 3381 1525 3441 domus
1542 3380 1612 3441 reti-

306 3490 379 3530 nere
398 3489 454 3530 uec
470 3470 606 3550 potuisse
624 3489 681 3529 nec
691 3469 837 3547 voluisse,
854 3484 884 3529 et
900 3467 1102 3546 confirmavit,
1120 3489 1136 3528 a
1152 3469 1240 3531 nullo
1257 3469 1403 3549 magistro
1421 3469 1612 3549 profusiores

305 3579 455 3639 expensas
472 3578 568 3638 quam
584 3579 600 3618 a
617 3579 648 3618 se
667 3559 757 3619 lactas
775 3558 877 3619 luisse.
904 3558 1007 3617 Frater
1023 3558 1153 3619 Pontius
1170 3559 1303 3620 Blancus
1319 3560 1426 3620 denuo
1444 3558 1611 3638 mandavit,

305 3669 345 3709 ne
361 3648 566 3722 renunciaret,
592 3648 645 3708 sed
664 3648 713 3708 ille
736 3666 847 3708 omnes
871 3647 976 3707 fratres
999 3649 1036 3707 ab
1060 3648 1236 3708 obedientia
1262 3648 1430 3724 absolutos,
1457 3663 1491 3709 ut
1516 3647 1610 3709 alium

305 3738 487 3818 magistrum
504 3738 660 3816 eligerent,
683 3737 862 3798 adhortatus
880 3750 925 3796 est
941 3750 970 3796 et
986 3737 1040 3797 Xll
1057 3737 1203 3798 electores
1220 3757 1325 3798 secum
1343 3739 1461 3798 ducens
1477 3737 1611 3817 secessit,

305 3829 359 3909 qui
383 3845 504 3888 novum
527 3826 709 3905 magistrum
732 3827 902 3905 elegerunt,
926 3845 991 3904 quo
1015 3826 1093 3887 facto
1118 3827 1221 3887 fratres
1244 3847 1316 3888 cum
1333 3827 1452 3888 Garino
1475 3826 1507 3887 in
1529 3826 1611 3909 capi-

305 3916 407 3978 tulum
431 3915 598 3989 redierunt,
632 3916 685 3977 sed
709 3934 809 3995 quum
833 3915 1119 3993 interrogavissent,
1144 3935 1222 3976 num
1246 3917 1473 3993 consentirent,
1500 3935 1611 3977 omnes

305 4021 476 4081 tacuerunt,
488 4005 542 4085 qui
559 4006 694 4066 aderant.
711 4006 867 4065 Praeterea
889 4021 1068 4085 praeceptor
1085 4025 1157 4066 cum
1174 4005 1267 4086 priori
1285 4005 1479 4083 clericorum,
1496 4025 1611 4066 mares-

305 4096 399 4173 calc0,
427 4094 521 4176 priori
544 4093 686 4176 Apuliae,
710 4094 804 4175 priori
823 4095 982 4154 Messanae
999 4108 1028 4154 et
1045 4094 1133 4154 fratre
1150 4094 1239 4156 Pioto
1257 4095 1389 4155 Romam
1411 4095 1610 4175 scripserunt.

305 4184 463 4260 Quattuor
479 4203 552 4245 vero
568 4184 725 4244 mensium
742 4182 840 4264 spatio
858 4182 1033 4244 intermisso
1050 4183 1099 4243 alii
1112 4183 1215 4244 fratres
1233 4203 1352 4245 novum
1363 4184 1545 4263 magistrum
1562 4203 1611 4244 ac·

306 4288 465 4355 ceperunt,
482 4272 532 4333 alii
549 4271 730 4351 rejecerunt,
749 4292 810 4352 qua
827 4273 865 4332 de
882 4273 1034 4333 discordia
1050 4274 1162 4333 certior
1179 4273 1449 4336 factusGisbertus
1466 4274 1505 4334 de
1522 4292 1612 4334 cavea

305 4363 395 4424 rediit
411 4378 440 4423 et
456 4361 660 4438 confirmavit,
685 4383 717 4424 se
741 4363 875 4422 Romam
899 4362 1016 4422 iturum
1039 4383 1114 4422 esse.
1147 4363 1242 4424 Paulo
1260 4378 1330 4443 post
1349 4383 1422 4424 cum
1445 4361 1558 4424 milites
1574 4364 1611 4424 de

305 4453 433 4513 Francia
450 4453 483 4512 in
493 4452 622 4512 Terram
641 4452 785 4513 Sanctam
801 4451 967 4529 venissent,
977 4454 996 4528 ¹)
1015 4451 1186 4512 Amalricus
1204 4453 1214 4512 l
1232 4473 1283 4513 rex
1299 4452 1442 4534 precibus
1457 4452 1611 4530 (Heraclii)

305 4542 492 4623 patriarchae
525 4542 692 4618 (Bernardi)
724 4541 888 4602 Liddensis
914 4556 942 4601 et
967 4541 1139 4622 (Raynaldil
1162 4542 1363 4619 Ebronensis,
1389 4542 1609 4623 episcoporum

306 4651 429 4693 necnon
446 4631 560 4692 abbatis
578 4631 694 4692 Montis
710 4631 787 4692 Sion
804 4646 833 4691 et
849 4630 959 4711 prioris
976 4631 1007 4692 S.
1019 4631 1182 4712 Sepulchri
1198 4632 1231 4692 in
1248 4630 1419 4713 capitulum
1431 4630 1610 4713 Hospitalis,

305 4736 340 4782 ut
365 4740 473 4803 pacem
498 4720 695 4799 reformaret,
721 4720 878 4799 ingressus
904 4720 984 4781 hanc
1009 4735 1105 4781 totam
1132 4721 1356 4782 controversiae
1387 4736 1415 4782 et
1441 4721 1611 4782 discordiae

381 4878 399 4947 ¹)
413 4877 529 4931 Aestate
544 4894 551 4929 r
562 4875 609 4930 168
620 4875 778 4946 (Rbhricht,
789 4876 935 4932 Amalrich
944 4877 964 4946 l,
974 4893 1001 4947 p.
1009 4876 1152 4948 456,486).
1210 4880 1232 4945 ⁹)
1243 4877 1286 4931 De
1297 4894 1356 4949 quo
1368 4877 1479 4931 ZDPV.
1488 4877 1523 4947 X,
1533 4894 1561 4950 p.
1570 4877 1611 4932 26.
