3398 5400
672 295 752 388 iegni
764 295 1025 389 Hierosolymitani.
1438 326 1446 382 l
1461 342 1469 382 ι
1483 327 1492 381 l

192 410 428 418 ψ.

193 558 249 620 per
264 553 432 600 torrentem
449 537 600 617 videlicet,
617 537 671 618 qui
689 537 721 598 in
744 537 846 598 hieme
870 536 946 614 fluit,
971 555 1139 616 quousque
1163 535 1285 596 venitur
1307 536 1344 597 ad
1368 555 1497 617 parvum

193 644 334 688 montem
356 628 436 688 inter
458 628 609 709 praedicta
634 643 782 689 montana
799 643 828 687 et
845 643 993 687 montana
1009 626 1046 686 de
1063 625 1212 706 Broiquet
1228 626 1333 703 situm,
1357 642 1386 687 et
1401 626 1444 686 sic
1460 627 1498 686 ab

193 718 262 778 alvo
278 716 423 777 torrentis
438 736 545 778 versus
560 736 689 798 parvum
706 731 847 777 montem
863 716 1076 797 supradictum
1093 729 1122 775 et
1137 734 1193 796 per
1208 714 1399 794 crepidinem
1415 713 1498 776 illius

195 806 280 888 parvi
298 806 424 882 montis,
449 821 482 866 ut
499 825 605 867 cruces
621 806 794 886 designant,
812 804 893 866 vadit
916 804 1090 886 supradicta
1106 804 1217 865 divisio
1235 823 1334 884 usque
1352 804 1389 865 ad
1407 823 1498 865 mon-

193 895 335 972 ticulum,
352 895 407 975 qui
429 895 518 956 calcis
535 895 643 957 fornax
659 895 839 976 appellatur,
856 910 885 955 et
901 894 1012 956 exinde
1029 913 1136 954 versus
1159 893 1321 978 meridiem
1345 912 1444 973 usque
1461 893 1499 954 ad

193 983 290 1045 alium
307 983 517 1046 monticulum
534 1003 599 1045 non
616 976 710 1064 louge
728 985 810 1062 hinc,
835 983 889 1044 ubi
910 984 1057 1064 antiquus
1073 981 1162 1044 calcis
1179 982 1287 1043 fornax
1304 982 1371 1059 fuit,
1389 983 1500 1043 divisio

194 1074 249 1135 ista
275 1074 470 1155 protenditur
499 1090 529 1135 et
551 1073 594 1134 sic
616 1090 672 1156 per
694 1074 847 1135 devexum
870 1074 985 1134 montis
1008 1088 1087 1133 recta
1109 1071 1190 1133 linea
1206 1091 1312 1132 versus
1328 1073 1450 1153 spinam
1468 1073 1500 1133 in

194 1162 319 1244 planitie
336 1163 436 1239 sitam,
447 1183 528 1243 quae
544 1179 655 1224 terram
671 1162 777 1224 casalis
795 1162 825 1223 S.
838 1162 1000 1244 Sepulchri
1017 1162 1119 1222 Faisse
1136 1178 1165 1222 et
1181 1161 1320 1222 Sabarim
1330 1161 1500 1243 Hospitalis

195 1252 311 1330 dividit,
331 1253 522 1313 terminatur.
548 1253 679 1333 Insuper
702 1252 897 1329 divisionem,
913 1270 1009 1333 quam
1032 1250 1172 1312 canonici
1196 1251 1228 1312 S.
1245 1250 1408 1332 Sepulchri
1428 1270 1500 1313 cum

195 1341 333 1420 Georgio
349 1340 478 1422 ejusque
496 1341 560 1402 filio
576 1341 732 1402 Balduino
755 1342 901 1418 fecerunt,
924 1341 1066 1402 concedit
1089 1359 1214 1401 necnon
1237 1340 1359 1401 donum
1382 1341 1428 1400 avi
1451 1340 1499 1401 sui

195 1429 352 1493 Eustachii
369 1445 399 1491 et
415 1431 507 1511 patris
523 1431 571 1492 sui
588 1430 713 1492 Galterii
738 1446 768 1491 et
789 1430 922 1492 liberum
945 1430 1169 1491 commercium
1192 1429 1225 1490 in
1248 1445 1311 1491 tota
1333 1450 1390 1490 sua
1413 1446 1499 1490 terra.

195 1521 280 1582 Haec
296 1520 402 1580 omnia
413 1520 525 1582 CCCC
535 1520 674 1581 bisantiis
689 1520 821 1601 acceptis
836 1540 871 1581 ea
888 1520 1067 1582 conditione
1084 1518 1185 1599 sigillo
1202 1518 1375 1595 confirmat,
1394 1533 1428 1579 ut
1443 1519 1500 1580 sibi

195 1610 300 1691 ipsum
321 1608 439 1670 fontem
463 1610 500 1670 de
523 1610 654 1690 antiquo
677 1610 835 1671 conductu
859 1609 897 1669 ad
921 1608 1018 1670 casale
1040 1607 1235 1670 Bubalorum
1257 1609 1294 1668 ad
1318 1607 1501 1669 canamellas

195 1699 352 1760 faciendas
368 1699 522 1760 deducere
538 1698 625 1760 liceat
643 1699 682 1759 ita
698 1715 810 1776 tamen,
834 1714 867 1759 ut
883 1698 922 1759 de
939 1718 1002 1759 una
1019 1716 1137 1759 macera
1156 1696 1288 1776 singulis
1304 1699 1394 1759 annis
1410 1697 1501 1758 dimi-

195 1786 433 1868 diumquintale
450 1804 487 1865 et,
502 1788 527 1848 si
544 1788 686 1868 amplius,
697 1788 846 1869 praefatae
863 1787 1008 1849 ecclesiae
1024 1788 1180 1867 integrum
1190 1787 1328 1867 quintale
1339 1786 1500 1867 persolvat.

195 1910 241 1921 —
256 1877 431 1954 Rainerius,
449 1877 615 1958 episcopus
632 1877 831 1953 sebastensis,
843 1876 995 1938 Radulfus
1007 1877 1207 1958 praepositus,
1216 1876 1384 1953 lohannes,
1396 1892 1503 1937 cantor

196 1966 412 2044 Caesariensis,
422 1967 542 2048 Symon
555 1966 734 2043 canonicus,
745 1965 897 2027 Arnulfus
912 1967 1067 2047 subprior,
1078 1966 1186 2027 Petrus
1196 1967 1401 2044 Lombardus,
1413 1964 1503 2026 frater

196 2057 308 2123 Adam,
325 2057 414 2116 frater
431 2056 546 2133 Vitalis,
565 2056 671 2117 Petrus
687 2057 726 2117 de
744 2055 947 2132 Mahumeria,
965 2056 1072 2118 Petrus
1088 2055 1181 2116 Costa
1198 2055 1378 2132 vicecomes,
1397 2056 1502 2134 lingil-

197 2147 301 2206 bertus
318 2146 355 2205 de
372 2145 453 2221 Aria,
469 2145 601 2206 Carolus
618 2145 812 2223 Hamelinus,
829 2145 1005 2207 Rodbertus
1023 2146 1060 2206 de
1077 2145 1192 2222 Cassia,
1203 2144 1367 2224 Georgius,
1377 2144 1503 2206 ssaldui-

198 2254 268 2312 nus,
280 2233 362 2295 filius
373 2232 439 2312 ejus
449 2234 598 2311 (Rozie're,
609 2255 638 2315 p.
653 2236 756 2302 276-
765 2236 837 2310 278,
847 2234 908 2295 Νο.
924 2256 932 2295 r
944 2255 980 2314 55
992 2253 999 2309 ;
1018 2235 1092 2295 Lois
1103 2233 1161 2314 [ed.
1173 2232 1326 2313 Beugnot]
1344 2235 1377 2311 ll,
1387 2254 1417 2316 p.
1432 2254 1503 2314 527,

198 2325 258 2384 No.
276 2342 335 2404 43;
362 2323 478 2403 Migne,
495 2343 524 2405 p.
549 2326 774 2404 1238—1239,
791 2324 852 2384 Νο.
877 2345 910 2404 ¹5
918 2345 945 2403 5.
980 2325 1013 2385 ln
1036 2324 1176 2404 linguam
1192 2324 1400 2402 germanicam
1417 2323 1504 2384 vertit

197 2428 226 2475 et
243 2412 324 2474 notis
340 2412 502 2474 illustravit
517 2413 557 2475 G.
575 2413 681 2474 Rosen
702 2413 734 2474 in
754 2413 973 2474 Wochenblatt
989 2414 1044 2474 der
1059 2413 1267 2474 Johanniter-
1278 2412 1504 2494 Ordensballey

198 2501 424 2581 Brandenburg
444 2503 536 2581 1863,
553 2521 583 2583 p.
607 2522 787 2582 109—111,
805 2503 865 2563 No.
890 2502 946 2578 18).
1433 2500 1504 2561 425

247 2598 346 2675 1166,
364 2601 428 2662 ind.
440 2600 514 2662 ΙΙΙΙΙ.
531 2635 576 2644 -
592 2602 697 2682 Hug0,
714 2600 864 2662 dominus
874 2602 1051 2677 Caesareae,
1066 2620 1222 2663 consensu
1240 2600 1344 2662 uxoris
1361 2600 1502 2662 lsabellae

198 2690 308 2751 domui
326 2689 494 2771 Hospitalis
519 2709 574 2771 per
597 2709 725 2752 manum
752 2689 879 2767 Giberti,
905 2689 1015 2771 prioris
1041 2690 1209 2771 Hospitalis
1234 2690 1380 2770 magistri,
1407 2690 1503 2751 casale

199 2779 356 2840 Hadedun
370 2780 390 2856 ¹)
408 2798 479 2840 cum
497 2779 699 2860 pertinentiis,
723 2778 745 2839 ΙΙ
763 2779 899 2841 millibus
916 2779 1121 2842 bisantiorum
1136 2780 1275 2861 acceptis,
1295 2779 1400 2857 donat,
1416 2779 1502 2860 quod

201 2867 360 2929 «videlicet
375 2889 392 2928 a
408 2868 535 2947 regione
552 2869 721 2930 occidentis
738 2869 854 2929 habens
871 2868 971 2929 dunas
988 2868 1006 2944 (.
1019 2917 1025 2930 .
1038 2869 1157 2931 civitate
1169 2888 1241 2930 vero
1257 2868 1365 2946 casale)
1382 2868 1502 2930 domini

197 2957 344 3036 Hugonis
361 2958 514 3035 Feustelli,
530 2979 546 3018 a
563 2957 781 3039 septentrione,
798 2958 877 3018 sicut
893 2957 1032 3019 flumaria
1048 2958 1254 3039 protenditur,
1272 2977 1327 3038 per
1343 2958 1503 3038 quoddam

198 3046 332 3108 berchile
356 3063 443 3108 vetus
466 3046 648 3109 terminatur
672 3047 702 3108 S.
721 3045 881 3108 Michaelis
904 3047 943 3124 (et
959 3046 1029 3123 alio)
1047 3048 1136 3108 casali
1158 3047 1299 3125 (domini)
1315 3048 1503 3127 Engelberti,

197 3138 235 3196 ab
252 3136 370 3197 oriente
387 3156 441 3217 per
457 3137 618 3216 quoddam
635 3135 768 3198 berchile
786 3136 968 3197 terminatur
983 3156 1056 3198 cum
1081 3136 1171 3198 casali
1187 3136 1312 3218 Templi
1330 3137 1470 3216 Domini,
1487 3158 1504 3197 a

198 3225 326 3286 meridie
350 3245 405 3306 per
427 3225 592 3303 toronelm)
617 3225 718 3287 Bufali
741 3225 923 3287 terminatur
945 3226 1028 3304 (cum
1051 3226 1141 3287 casali
1165 3226 1286 3288 domini
1302 3226 1448 3287 Amalrici
1466 3227 1503 3304 et)

198 3333 271 3376 cum
288 3314 435 3394 Seraphie
452 3331 529 3375 terra
546 3314 768 3396 archiepiscopi
785 3335 886 3395 usque
903 3316 941 3376 ad
959 3334 1109 3393 magnum
1126 3316 1260 3377 lacum».
1282 3316 1412 3397 Insuper
1421 3316 1505 3377 addit

197 3404 315 3482 curtile,
332 3404 420 3484 quod
438 3403 494 3464 luit
510 3403 587 3464 olim
604 3404 704 3466 Urrici
720 3404 864 3466 Tendille
876 3405 898 3480 ²)
916 3420 944 3465 et
960 3404 1090 3465 salinam
1108 3405 1199 3467 turris
1216 3405 1246 3482 (i)
1270 3404 1409 3467 Gervasii
1432 3423 1504 3466 cum

199 3493 279 3573 petia
296 3509 401 3570 terrae,
418 3493 451 3553 in
467 3513 529 3574 qua
546 3492 589 3553 sal
613 3493 749 3574 plenarie
773 3510 872 3574 potest
895 3493 960 3554 lieri
983 3510 1012 3554 et
1035 3494 1149 3555 domus
1173 3494 1342 3570 aedificari;
1368 3494 1504 3575 denique

200 3583 305 3643 Petrus
332 3583 439 3643 Perrez
464 3582 595 3662 ejusque
621 3602 700 3644 uxor
726 3582 821 3643 Maria
846 3599 875 3644 et
897 3583 983 3644 liberi
1011 3583 1152 3663 paganus
1178 3600 1207 3645 et
1224 3583 1371 3645 Mathalia
1387 3583 1503 3644 dictum

198 3672 294 3732 casale
312 3691 368 3751 pro
385 3671 499 3747 assisia,
511 3691 606 3752 quam
618 3672 714 3752 Hugo
731 3673 769 3733 de
782 3673 931 3734 Caesarea
947 3673 1081 3751 dederat,
1098 3692 1169 3733 cum
1188 3674 1275 3734 omni
1292 3671 1358 3751 jure
1376 3691 1435 3734 suo
1451 3674 1504 3733 ab·

198 3760 386 3822 renuntiant.
405 3760 532 3823 Factum
545 3762 701 3823 Amalrico
719 3761 728 3820 Ι
746 3782 816 3840 rege
833 3778 862 3822 et
872 3761 1029 3822 Amalrico
1046 3761 1224 3843 patriarcha.
1235 3763 1398 3823 —Petrus
1408 3762 1504 3835 Costi,

197 3850 369 3911 vicecomes
386 3851 570 3926 Caesareae;
596 3851 734 3911 domini:
761 3851 916 3912 Robertus
933 3852 971 3911 de
988 3851 1076 3929 Cozi,
1099 3852 1253 3932 Beninus,
1278 3851 1442 3913 Rainerius
1466 3851 1504 3911 de

198 3938 338 4017 Galenie,
350 3939 470 4016 Carlus,
488 3940 641 4019 Rogerius
657 3940 784 4018 Gualez,
801 3939 965 4017 Ernaldus,
983 3939 1066 4001 filius
1082 3942 1168 4018 Heri,
1186 3941 1293 4001 Petrus
1310 3941 1347 4001 de
1364 3940 1388 4001 F
1391 3954 1503 4011 ossato,

197 4028 369 4090 vicecomes
386 4029 424 4090 de
442 4029 613 4108 Calenzun,
631 4029 773 4108 Paganus
784 4030 822 4090 de
834 4030 1005 4108 Calenzun,
1017 4030 1184 4092 Gervasius
1194 4031 1371 4110 Caesareae,
1383 4029 1505 4090 Rohar-

197 4118 257 4180 dus
273 4118 384 4197 Rufus,
402 4118 509 4179 Petrus
525 4119 563 4179 de
581 4118 611 4179 S.
623 4117 960 4197 German0,Johannes
970 4119 1055 4181 Costi
1067 4119 1224 4195 (Delaville
1234 4121 1262 4180 le
1273 4119 1387 4198 Roulx,
1399 4138 1428 4199 p.
1446 4138 1503 4180 102

196 4226 317 4287 —ro3,
333 4207 393 4268 Νο.
414 4227 453 4268 22
473 4205 521 4285 [cf.
539 4228 568 4289 p.
593 4205 656 4286 17];
682 4209 783 4286 Prutz,
799 4228 829 4289 p.
854 4229 1034 4285 tor-roa,
1054 4209 1114 4271 No.
1134 4209 1195 4288 22).
1434 4206 1505 4267 426

268 4300 298 4353 ln
313 4311 411 4370 tergo:
436 4302 456 4366 ¹)
470 4299 603 4368 Abedun,
678 4304 700 4367 ²)
715 4299 816 4354 Ulricci
830 4299 962 4355 Tentule.

279 4439 299 4469 ‚,
346 4395 434 4455 Mart.
451 4390 638 4473 14-1179.
656 4394 807 4455 Laterani.
826 4429 867 4436 —
878 4395 1054 4456 Alexander
1070 4394 1105 4454 ΙΙΙ
1122 4393 1284 4471 N(icolao),
1295 4394 1389 4476 priori
1407 4395 1437 4456 S.
1450 4395 1504 4456 Se-

196 4483 330 4564 pulchri,
348 4482 477 4564 ejusque
495 4483 637 4544 fratribus
654 4483 813 4545 ecclesiam
831 4483 862 4544 S.
880 4479 980 4563 Egidii
998 4485 1149 4562 concedit,
1167 4504 1245 4564 quae
1264 4486 1382 4546 Romae
1399 4500 1505 4566 portae

195 4579 318 4635 Aureae
335 4588 363 4633 et
380 4573 525 4634 ecclesiae
542 4572 572 4634 S.
584 4572 664 4633 Petri
680 4571 804 4651 adjacet,
820 4591 892 4633 cum
910 4572 1069 4655 hospitalis
1079 4573 1177 4635 domo
1194 4572 1342 4654 contigua
1351 4573 1504 4653 (Roziere,

197 4682 227 4745 p.
247 4681 432 4742 ara—273,
450 4662 510 4723 No,
535 4683 542 4722 r
554 4681 607 4741 5o;
632 4661 917 4739 Jaffe-waenfeld,
936 4663 996 4724 No.
1020 4663 1152 4743 13184l·
1435 4659 1503 4721 427

246 4765 334 4828 1167
351 4768 429 4843 lan,
447 4769 510 4830 ind.
528 4768 538 4828 Ι
555 4768 641 4847 (XV),
658 4784 752 4850 epact.
765 4769 899 4830 ΙΙΙΙΙΙΙΙΙ.
911 4802 954 4811 -
966 4769 1171 4830 boamundus
1182 4769 1230 4846 ΙΙΙ,
1244 4768 1505 4849 princepsAntio-

153 4887 155 4890 ⁴
195 4860 325 4937 chenus,
352 4859 504 4938 Hospitali
529 4879 582 4939 per
607 4878 718 4920 manus
741 4859 875 4920 Girberti
901 4858 1046 4937 magistri,
1072 4859 1173 4938 sigillo
1197 4859 1292 4919 donat
1316 4876 1344 4918 et
1363 4860 1505 4921 concedit
