3398 5400
271 335 333 418 256
833 328 1008 403 Regesta

318 549 408 611 1225
425 553 497 614 Dec.
518 574 567 632 24.
585 587 628 596 -
645 554 752 631 Maria,
772 553 950 615 monasterii
974 555 1004 616 S.
1023 554 1136 615 Mariae
1159 554 1360 633 Magdalenae
1383 553 1574 615 Acconensis

270 640 387 703 ordinis
404 642 616 703 Cisterciensis
638 644 797 721 abbatissa,
820 643 922 723 sigillo
941 643 1114 721 confirmat,
1138 665 1170 704 se
1186 646 1224 704 ab
1242 643 1409 724 Hospitalis
1426 644 1574 722 magistro

269 731 410 793 Guarino
427 732 465 792 de
482 733 589 793 Monte
604 749 695 793 acuto
711 735 769 793 sub
784 733 872 794 XXV
889 732 1091 795 bisantiorum
1108 734 1234 794 annuali
1259 753 1354 794 censu
1372 733 1484 794 domos
1500 751 1573 794 cum

269 819 368 902 platea
384 819 533 895 adjacenti
549 822 710 903 accepisse,
728 841 807 902 quae
823 821 856 883 in
872 823 1034 901 suburbi0,
1051 823 1137 903 quod
1155 822 1320 902 vulgariter
1335 837 1464 882 vocatur
1480 824 1574 883 Mons

271 911 447 985 Musardus,
464 911 536 971 sitae
554 928 626 972 sunt
643 927 671 971 et
687 912 855 972 affrontant
871 913 908 971 ab
925 912 1043 973 oriente
1062 914 1093 973 iu
1110 911 1158 972 via
1175 913 1307 992 publica,
1319 931 1398 992 quae
1415 911 1574 972 descendit

269 1019 285 1060 a
302 999 333 1061 S.
351 1000 484 1078 Aegidio
500 1015 529 1060 et
546 1001 628 1061 vadit
644 1001 682 1060 ad
705 1000 735 1062 S.
755 1002 981 1080 Magdalenam,
1006 1022 1022 1062 a
1039 1002 1167 1062 meridie
1184 1001 1216 1062 in
1233 1017 1345 1062 terram
1361 1000 1518 1063 Guidnnis
1535 1001 1573 1061 de

269 1086 339 1150 Gtia
355 1088 467 1168 Pisani,
491 1091 528 1149 ab
545 1090 705 1151 occidente
728 1091 759 1151 in
783 1090 840 1152 alia
861 1091 907 1150 via
930 1090 1054 1172 publica
1076 1106 1106 1151 et
1127 1093 1165 1151 ab
1188 1090 1336 1171 aquilone
1359 1090 1477 1151 vicinae
1500 1104 1574 1151 sunt

269 1177 461 1244 monasterio
487 1179 517 1240 S.
540 1179 654 1240 Mariae
681 1179 891 1260 Magdalenae.
932 1179 1037 1261 Sigilla
1063 1197 1227 1262 apponunt
1252 1181 1337 1261 prior
1362 1181 1392 1241 S.
1411 1179 1573 1260 Sepulchri

268 1267 383 1328 scilicet
399 1268 542 1348 magister
557 1270 675 1344 Petrus,
692 1284 766 1330 tunc
782 1269 912 1331 vicarius
930 1270 1125 1350 patriarchae,
1146 1286 1175 1331 et
1191 1269 1361 1350 capitulum
1379 1275 1572 1330 Acconense.

272 1357 436 1418 -Petrus
458 1357 605 1436 Briccius,
630 1359 763 1419 Michael
780 1360 817 1419 de
834 1360 965 1439 Ioppen,
990 1360 1114 1421 Marcus
1137 1360 1175 1419 de
1197 1360 1329 1440 loppen,
1354 1360 1574 1420 Benevenutus

269 1447 308 1507 de
324 1447 456 1527 Ioppen,
468 1447 621 1508 Jordanus
638 1449 676 1508 de
686 1449 887 1523 Jherusalem,
899 1449 1052 1510 Martinus
1063 1449 1241 1527 Cordarius,
1252 1449 1358 1509 Petrus
1369 1449 1406 1509 de
1418 1448 1545 1524 Soueni,
1554 1448 1573 1524 ¹)

269 1534 368 1596 Fulco
378 1536 416 1596 de
426 1536 601 1615 Tiberiade,
613 1538 795 1615 Pandulfus,
806 1557 901 1617 gener
911 1538 1031 1599 domini
1044 1537 1156 1616 Valini,
1167 1538 1325 1599 lohannes
1337 1538 1435 1599 Ursus
1446 1537 1540 1615 (Paoli
1551 1536 1573 1609 I,

270 1645 299 1706 p.
319 1645 392 1704 254,
411 1626 471 1686 Nn.
490 1625 574 1706 213).
1504 1622 1574 1684 973

344 1729 364 1794 ¹)
384 1725 475 1780 Alias:
489 1726 642 1796 Sauuenie,
654 1726 787 1782 Sauvani

318 1819 409 1879 1226
424 1822 501 1898 lan,
519 1822 583 1883 ind.
601 1821 679 1883 XIV.
696 1856 740 1865 -
757 1821 930 1883 Fridericus
947 1822 969 1883 II
993 1822 1160 1902 imperator
1176 1823 1284 1882 domui
1301 1821 1572 1882 Theutonicorum

269 1911 438 1972 emtionem
450 1927 478 1971 et
489 1911 645 1991 privilegia
656 1911 759 1992 (supra
770 1913 830 1972 No,
843 1933 860 1978 7
871 1933 878 1972 r
888 1913 917 1990 6,
927 1932 1001 1992 934,
1012 1912 1085 1992 940)
1095 1912 1197 1991 sigillo
1213 1911 1386 1990 confirmat,
1404 1911 1572 1971 libertatem

270 2019 433 2080 aquarum,
443 2000 619 2079 herbarum,
628 2000 785 2079 lignorum
798 2002 914 2081 ubique
926 2022 980 2083 per
990 2002 1174 2062 domanium
1184 2021 1277 2062 suum
1295 2002 1332 2062 ad
1350 2001 1464 2062 domus
1480 2020 1573 2061 usum

269 2090 1572 2172 concedit,aplateaticoaliisqueconsuetudinibusperregnumHierosolymitanum

269 2196 346 2240 terra
370 2179 509 2258 marique
532 2179 609 2239 solvi
633 2179 731 2239 solitis
748 2180 852 2240 eximit
875 2201 909 2240 ac
924 2181 1038 2258 statuit,
1063 2200 1101 2241 ne
1123 2181 1193 2260 quis
1217 2181 1349 2241 domum
1367 2197 1396 2240 et
1413 2179 1519 2240 fratres
1536 2179 1573 2238 de

271 2269 520 2349 possessionibus
536 2269 651 2329 domus
667 2269 733 2329 sine
744 2267 861 2347 judicio
873 2285 902 2330 et
912 2268 1023 2347 justitia
1035 2286 1209 2350 praesumat
1219 2270 1414 2350 aliquatenus
1425 2268 1574 2345 dissasire,

270 2377 347 2418 neve
364 2359 440 2438 quid
458 2358 496 2418 de
513 2358 714 2439 proventibus
730 2373 760 2418 et
776 2359 877 2433 bonis,
895 2379 974 2438 quae
991 2360 1029 2420 ad
1054 2375 1153 2440 partes
1176 2359 1355 2420 cismarinas
1378 2378 1435 2440 pro
1459 2358 1574 2418 domus

269 2462 299 2508 et
315 2467 370 2508 sua
389 2447 513 2508 utilitate
534 2448 678 2527 dirigant,
702 2448 849 2526 exigatur.
867 2482 910 2492 —
927 2448 1006 2509 Inter
1022 2464 1128 2509 testes:
1154 2447 1311 2510 Gavianus
1328 2447 1518 2528 (Gaynanus)
1536 2447 1573 2507 de

270 2537 393 2618 Cypr0;
411 2537 449 2597 de
461 2556 558 2615 regno
568 2537 855 2619 Hierosolymitano
865 2560 871 2596 :
883 2538 1023 2617 Iacobus,
1034 2539 1200 2619 episcopus
1210 2538 1410 2615 Acconensis,
1423 2536 1574 2614 Balianus,

270 2626 420 2687 domiuus
451 2626 597 2706 Sydonis,
630 2627 739 2687 Daniel
765 2628 803 2687 de
831 2627 1057 2701 Terramunde,
1090 2628 1238 2688 Nicolaus
1263 2626 1400 2687 Antelmi
1426 2626 1573 2703 (AnteIIn,

269 2715 423 2793 Ancelin),
448 2715 550 2776 Gvido
567 2717 604 2776 de
622 2716 749 2795 Infante,
759 2716 778 2794 ¹)
804 2716 911 2778 Guido
928 2718 965 2777 de
982 2717 1106 2778 Roniau
1125 2718 1270 2795 (Roman,
1296 2716 1469 2794 Rontau),²]
1496 2715 1573 2791 Rao,

271 2821 421 2884 cognatus
447 2805 643 2885 patriarchae,
670 2805 835 2867 Gervasius
860 2807 898 2866 de
924 2806 1081 2885 Malgastel
1107 2804 1384 2885 (MangInIasteI),³l
1412 2805 1574 2886 Philippus

270 2894 406 2975 Cynardi
438 2894 575 2971 (Cuiard,
607 2895 778 2972 Chinardi),
810 2896 945 2956 loannes
977 2897 1120 2975 Pisanus,
1154 2896 1351 2956 Raimundus
1382 2894 1571 2970 Grimaldus,

270 2982 420 3045 Gofridus
436 2984 474 3045 de
490 2984 620 3062 Villiers,
637 2985 744 3046 Guido
761 2985 799 3044 de
817 2985 919 3045 Nubie
935 3000 965 3045 et
981 2985 1040 3046 alii.
1066 2986 1180 3046 Datum
1198 3005 1252 3065 per
1269 3004 1397 3045 manum
1415 2982 1573 3065 Symonis,

270 3072 491 3154 archiepiscopi
507 3073 655 3154 Tyrensis
673 3092 701 3135 et
717 3074 804 3153 regni
822 3074 1098 3155 Hierosolymitani
1115 3074 1285 3134 cancellarii
1303 3074 1353 3149 (H.
1367 3073 1523 3134 Bre'holles
1538 3072 1573 3150 Il,

270 3181 300 3242 p.
321 3164 510 3242 531-536;
543 3162 693 3242 Strehllte,
711 3184 741 3245 p.
758 3165 902 3244 47-48,
923 3165 983 3224 No.
1005 3165 1060 3243 583
1087 3164 1124 3224 cI.
1143 3184 1172 3244 p.
1195 3182 1269 3243 125;
1302 3162 1573 3239 Bbhmer-Ficker,

270 3251 331 3312 No.
356 3271 451 3331 ¹5903
470 3253 509 3312 N.
527 3252 642 3312 Archiv
659 3253 696 3331 V,
714 3273 743 3334 p.
762 3269 814 3332 133
832 3253 1005 3333 Altpr'euss.
1024 3254 1230 3314 Monatsschr.
1248 3254 1339 3330 1882,
1358 3252 1438 3328 XIX,
1456 3272 1485 3333 p.
1498 3252 1574 3330 639,

270 3340 330 3401 No.
351 3360 408 3416 2¹3
433 3341 558 3402 Forsch.
576 3343 656 3421 XXI,
675 3363 703 3423 p.
721 3344 797 3422 498,
815 3343 875 3403 Νο.
896 3361 929 3417 23
951 3362 980 3423 p.
999 3364 1075 3422 499,
1093 3344 1154 3404 Νο.
1178 3343 1235 3420 12).
1504 3336 1575 3398 974

346 3445 365 3510 1)
385 3442 430 3496 Cf.
445 3443 568 3513 EracIes,
581 3461 607 3514 p.
623 3462 681 3516 375.
751 3448 773 3511 ²)
787 3444 817 3497 Id
831 3456 889 3499 est:
903 3444 1013 3515 Ronay.
1088 3448 1110 3512 8)
1124 3445 1232 3515 Legas:
1246 3441 1414 3514 hlaugastel.

352 3582 371 3612 „
416 3538 494 3615 lan,
518 3538 582 3598 iud.
599 3538 679 3599 XIV.
700 3572 744 3582 -
767 3539 902 3615 isabella,
927 3540 1144 3599 Romanorum
1168 3536 1353 3619 imperatrix,
1379 3537 1574 3618 privilegium

270 3627 454 3687 antecedens
477 3627 579 3706 sigillo
602 3627 773 3689 confirmat.
800 3662 844 3671 —
869 3629 999 3709 Symon,
1025 3628 1175 3708 Tyrensis
1201 3627 1462 3707 archiepiscopus,
1489 3625 1575 3705 regni

270 3715 545 3798 Hierosolymitani
563 3718 770 3794 cancellarios,
780 3719 800 3795 ¹)
810 3717 964 3796 Balianus,
975 3718 1123 3777 dominus
1134 3716 1280 3798 Sydonis,
1294 3716 1403 3778 Daniel
1415 3716 1453 3776 de
1463 3716 1576 3776 Terra-

271 3807 399 3883 munda,
418 3805 574 3884 Nicolaus,
592 3808 762 3887 Capuanus
779 3807 961 3885 (Gainanns,
972 3807 1154 3887 Gaynanus)
1166 3807 1203 3867 de
1215 3808 1332 3887 Cypro,
1345 3805 1451 3866 Guido
1462 3805 1575 3875 Infans,

270 3894 374 3956 Gvido
390 3897 428 3955 de
446 3896 569 3956 Roman
587 3895 737 3975 (Romav),
760 3897 851 3957 Raho
868 3897 956 3975 (Rao)
973 3898 1010 3956 de
1031 3897 1212 3972 patriarcha,
1238 3895 1403 3957 Gervasius
1420 3895 1458 3956 de
1475 3895 1575 3954 Emau

271 3982 387 4062 (Emav)
404 3984 539 4062 castello,
557 3986 714 4046 lohannes
731 3987 870 4065 Pisanus,
889 3986 1037 4046 Raimont
1054 3985 1196 4046 Grimaut
1213 3984 1393 4061 (GrIntant);
1416 3983 1577 4045 Goll'ridus

270 4073 309 4133 de
320 4073 441 4153 Villers,
453 4075 560 4136 Guido
571 4075 609 4136 de
620 4075 732 4153 Nubie,
745 4076 888 4154 magister
905 4076 1022 4152 Petrus,
1040 4075 1180 4135 medicus
1197 4074 1349 4152 isabellae,
1367 4072 1473 4134 fideles
1490 4073 1577 4152 regni

272 4162 557 4245 Hierosolymitani.
589 4165 702 4224 Datum
729 4185 782 4245 per
805 4183 935 4225 manunt
959 4164 1030 4225 dicti
1055 4163 1212 4245 Symonis,
1237 4162 1375 4242 ejusdem
1400 4163 1487 4242 regni
1505 4181 1577 4223 can-

271 4251 382 4313 cellarii
399 4253 449 4328 (H.
467 4254 627 4315 Bre'holles
644 4253 677 4334 II,
695 4274 725 4335 p.
746 4256 936 4335 536—538;
959 4253 1140 4335 Napiersky,
1159 4254 1306 4314 Abdruck
1323 4253 1435 4313 zweier
1451 4252 1577 4314 Urkun-

270 4342 342 4415 den,
367 4342 445 4421 Riga
467 4346 559 4424 1844,
583 4364 613 4426 p.
630 4359 667 4422 43
700 4343 840 4421 Hennes,
865 4344 973 4405 Codex
997 4343 1126 4423 diplom.
1152 4343 1185 4420 II,
1210 4363 1239 4423 p.
1260 4363 1413 4422 24-25,
1438 4341 1499 4402 Nn.
1519 4359 1577 4422 23:

271 4430 420 4511 Strehllte,
438 4452 468 4513 p.
480 4434 623 4512 48-49,
635 4434 695 4493 Νο.
711 4453 766 4513 59,
785 4431 1056 4509 Bbhmer-Ficker,
1074 4432 1135 4493 No.
1151 4433 1253 4512 1591).
1270 4428 1278 4516 j,
1295 4433 1364 4493 Hoc
1381 4430 1578 4513 privilegium

271 4519 355 4595 (Dec.
379 4523 470 4602 1243)
487 4524 652 4583 Conradus
669 4523 709 4584 IV
726 4523 889 4584 confirmat
906 4522 1188 4600 (Bbhmer-Ficker,
1207 4523 1266 4583 Νο.
1284 4521 1393 4602 4484).
1507 4517 1578 4578 975

346 4626 365 4691 1)
384 4624 429 4677 Ι)ε
443 4642 502 4695 quo
516 4624 626 4678 ZDI'V.
638 4623 673 4692 X,
686 4640 713 4694 p.
727 4626 772 4695 ι8;
786 4623 1000 4689 WinIteImann‚
1014 4623 1117 4678 Gesch.
1132 4622 1232 4678 Ix'aiser
1245 4623 1389 4679 Friedrich
1402 4623 1434 4692 II,
1447 4621 1467 4692 I,
1479 4639 1507 4693 p.
1518 4639 1580 4692 243,

271 4710 332 4767 247,
345 4693 407 4767 283.
421 4713 481 4767 295,
495 4695 555 4768 298,
570 4710 636 4768 3113
656 4696 798 4765 I’otthast,
811 4696 867 4750 No.
881 4696 1013 4767 5380-2,
1027 4695 1251 4767 0804-627751·

353 4835 371 4865 „
420 4791 519 4865 Mart,
542 4790 605 4851 ind.
625 4790 703 4851 XIV.
722 4790 864 4851 Rivoalti.
882 4824 925 4832 -
943 4793 1155 4872 Praeceptum,
1173 4791 1260 4870 quod
1278 4791 1385 4850 Petrus
1400 4787 1498 4866 Ziani,
1516 4789 1580 4849 dux

271 4878 476 4958 Venetorum,
494 4880 532 4941 de
549 4879 744 4958 navigatione
768 4880 891 4960 Syriaca
911 4895 940 4939 et
958 4879 1144 4962 Aegyptiaca
1168 4879 1302 4941 Iohanni
1328 4877 1483 4957 Michaeli,
1507 4877 1580 4939 duci
