3398 5400
609 348 964 424 regnillierosolymitani.
1418 377 1433 437 5

174 570 205 650 (l
216 567 323 654 100?).
348 607 392 616 —
415 572 587 633 Balduinus
604 571 616 632 l
631 590 683 632 rex
700 570 843 632 ecclesiae
860 570 1161 652 Hierosolymitanae
1178 572 1362 653 populoque
1378 572 1436 634 sibi

130 660 268 738 subjecto
293 662 519 739 obedientiam,
554 659 699 740 justitiam
724 680 758 721 ac
782 679 889 742 pacem
914 660 1011 721 lacere
1035 676 1065 722 et
1088 662 1249 722 observare
1273 662 1436 743 pollicetur

130 751 282 828 (8011111,
299 770 329 831 p.
349 771 422 831 225,
449 752 509 812 No.
534 766 609 823 1223
637 750 753 829 Migne,
771 770 801 830 p.
825 769 916 829 1215,
943 750 1004 811 No.
1028 743 1110 831 122).
1127 746 1136 833 ))
1151 751 1217 812 Jam
1235 750 1435 813 Godofredus

130 841 204 918 dux,
212 860 244 901 se
255 841 404 902 vasallum
415 841 559 902 ecclesiae
568 839 868 920 Hierosolymitanae
878 839 941 900 sive
951 839 1136 921 patriarchae
1147 861 1223 917 esse,
1235 839 1434 902 confirmasse

130 929 242 991 dicitur
253 930 371 1007 (Ktlhn,
383 930 567 993 Geschichte
585 930 614 991 d.
633 944 734 990 ersten
749 928 851 990 latein.
862 929 1057 990 Patriarchen
1067 949 1129 991 von
1139 930 1318 1007 Jerusalem,
1330 930 1433 1011 Leipz.

136 1020 227 1096 1886,
246 1038 275 1099 p.
295 1039 346 1100 34,
364 1018 525 1097 60—62);
543 1019 614 1080 dicit
631 1018 715 1079 enim
732 1022 922 1100 Anonymus
937 1039 1015 1080 saec.
1027 1019 1080 1079 XII
1098 1017 1232 1099 (Voglle‘,
1251 1020 1309 1081 Les
1325 1020 1434 1098 e'glises

129 1109 167 1168 de
184 1108 211 1168 la
227 1108 324 1170 Terre
341 1109 455 1189 Sainte,
473 1129 502 1191 p.
519 1128 600 1189 433:
622 1107 822 1170 Godofredus
842 1107 998 1169 «clavibus
1014 1108 1145 1189 acceptis
1161 1129 1177 1169 a
1195 1129 1290 1170 manu
1308 1108 1434 1189 patriar-

130 1198 205 1257 chae
222 1197 368 1279 Daiberti,
391 1214 484 1280 prout
500 1198 666 1278 benignius
683 1213 810 1279 poterat,
828 1196 1064 1278 patriarchatum
1083 1198 1236 1280 disposuit
1252 1214 1281 1259 et
1297 1199 1434 1260 honores

129 1287 328 1349 ecclesiarum
348 1305 377 1350 et
400 1308 467 1350 non
490 1290 549 1349 sub
571 1287 728 1367 regnantis
750 1287 804 1347 sed
827 1288 886 1347 sub
910 1287 978 1348 Deo
1002 1287 1178 1349 famulantis
1201 1288 1291 1350 titulo
1314 1288 1434 1369 primus

129 1376 247 1457 apicem
265 1378 473 1439 conscendere
492 1377 613 1439 meruit.
630 1377 764 1438 Voverat
779 1393 894 1454 autent,
917 1376 941 1436 si
959 1376 1045 1438 Deus
1062 1377 1271 1439 Aschalonem
1288 1376 1320 1439 in
1337 1397 1433 1439 manu

129 1465 195 1542 ejus
212 1468 362 1543 redderet,
385 1467 480 1529 totius
495 1468 664 1528 Jerusalem
681 1465 819 1526 redditus
837 1466 904 1527 Deo
921 1466 1122 1527 militantibus
1138 1467 1170 1527 in
1187 1466 1312 1528 ecclesia
1330 1466 1360 1528 S.
1379 1466 1433 1528 81·

129 1556 226 1636 pulcri
242 1556 437 1637 dominoque
455 1556 642 1637 patriarchae
659 1555 861 1634 largiturum»
875 1553 921 1631 (11.
933 1555 1099 1618 Fretellum
1116 1557 1199 1638 apud
1211 1557 1319 1634 Kuhn,
1331 1576 1361 1639 p.
1369 1555 1432 1636 64).

130 1645 311 1706 Antiochiae
335 1664 464 1725 quoque
488 1644 643 1726 principes
659 1665 675 1705 a
692 1645 860 1725 patriarcha
878 1644 1076 1706 Antiocheno
1093 1645 1305 1707 investituram
1322 1645 1433 1706 vexillo

128 1735 239 1795 tradito
255 1735 391 1815 accipere
408 1751 438 1794 et
454 1735 555 1795 eidem
579 1734 723 1795 ecclesiae
740 1731 950 1811 juramentum
976 1733 1126 1795 fidelitatis
1144 1751 1294 1815 praestare
1310 1754 1434 1815 semper

128 1822 272 1884 debuisse
289 1839 406 1884 constat
422 1844 459 1884 ex
474 1823 603 1904 epistola
619 1822 763 1903 Gregorii
779 1823 820 1884 IX
837 1823 885 1903 (31
908 1822 990 1884 Julio
1013 1822 1117 1902 1238),
1141 1843 1203 1903 qua
1226 1824 1362 1901 (Petrum
1387 1824 1432 1901 11),

127 1912 301 1993 Tyrensem
318 1913 598 1994 archiepiscopum,
609 1911 817 1990 (Radulfum),
834 1917 1048 1974 Acconensem
1066 1928 1096 1973 et
1111 1931 1307 1995 anonymum
1317 1913 1433 1975 Torto-

126 2020 239 2062 sanum
269 2002 432 2084 episcopos
463 2018 587 2079 monet,
614 2019 647 2063 ut
673 2021 790 2063 novum
818 2001 989 2082 principem
1014 2002 1052 2062 ad
1079 2002 1195 2063 dictum
1222 2001 1432 2081 juramentum

127 2092 346 2171 praestandum
366 2091 515 2154 inducant
530 2090 688 2168 (Potthast,
704 2092 765 2152 No.
790 2092 913 2168 10628).
1386 2088 1433 2150 34

188 2194 274 2257 1101
294 2197 514 2276 (Antiochiae).
539 2232 582 2242 -
605 2198 787 2259 Tancredus
812 2198 955 2280 princeps
968 2198 988 2275 1)
1021 2198 1204 2260 consulibus
1227 2197 1432 2259 Januensium

126 2286 174 2347 vel
198 2287 246 2348 cui
272 2287 429 2365 dederint,
463 2287 580 2349 tertiam
607 2304 725 2369 partem
748 2286 867 2363 adjurat
890 2287 1028 2348 redditus
1059 2287 1210 2367 Solini,²)
1241 2307 1321 2368 quae
1352 2303 1432 2348 recte

126 2376 198 2436 inde
215 2376 330 2454 exierit,
355 2377 447 2438 maris
463 2393 492 2438 et
508 2393 604 2440 terrae
622 2397 747 2438 necnon
763 2397 872 2457 rugam
890 2377 1073 2438 Antiochiae
1094 2397 1165 2438 cum
1190 2377 1315 2439 ecclesia
1332 2375 1362 2437 S.
1380 2377 1430 2438 Jo-

126 2465 248 2540 hannis,
266 2467 344 2527 sicut
360 2465 577 2543 Boiamundus
594 2467 795 2546 consignavit,
813 2487 830 2527 a
847 2482 981 2528 torrente
998 2485 1098 2546 usque
1115 2467 1152 2527 ad
1170 2486 1278 2546 rugam
1297 2466 1432 2546 Malphi·

125 2570 281 2633 tanorum,
305 2555 385 2616 salva
409 2556 586 2618 obedientia
609 2555 639 2617 8.
658 2556 747 2633 Petri,
770 2571 799 2617 et
815 2557 985 2617 secundam
1003 2572 1118 2637 partem
1137 2571 1245 2637 portus
1261 2555 1446 2638 Laodiceae⁴

126 2644 217 2704 maris
243 2659 272 2705 et
296 2661 408 2716 terrae,
439 2665 549 2724 rugam
573 2665 645 2707 curn
669 2646 796 2706 ecclesia
819 2666 835 2706 a
858 2645 1004 2726 praedm,
1035 2645 1087 2706 ubi
1114 2661 1226 2726 puteus
1250 2661 1305 2722 est,
1331 2664 1431 2725 usque

126 2733 163 2792 ad
188 2752 315 2794 murum
333 2750 441 2814 portus
464 2754 536 2795 cum
561 2750 658 2796 castro
683 2734 713 2796 S.
731 2734 814 2795 Eliae
838 2751 867 2795 et
889 2734 984 2814 grotis
1007 2753 1133 2795 necnon
1156 2735 1299 2795 omnium
1325 2733 1432 2795 civita·

125 2837 193 2881 tum
224 2842 258 2882 ac
290 2839 438 2903 portuum
469 2824 584 2885 auxilio
614 2824 817 2886 Januensium
850 2823 1085 2905 capiendorum.
1135 2823 1265 2904 Insuper
1296 2823 1329 2884 iu
1356 2825 1431 2885 urbe

126 2909 258 2973 Gibeleti
276 2910 422 2986 fundum,
439 2911 552 2974 scilicet
568 2913 601 2973 in
618 2929 720 2994 portu,
738 2913 841 2974 villam
858 2929 940 2974 extra
957 2913 1089 2973 eandem
1112 2912 1200 2973 sitam
1217 2929 1246 2973 et
1261 2913 1432 2974 Januenses

126 3018 300 3080 eorumque
324 3001 483 3082 privilegia
506 3021 624 3063 servare
647 3022 681 3062 ac
698 3002 777 3063 tueri
794 3003 953 3084 promittit.
982 3036 1017 3046 ·—
1045 3001 1234 3064 Guilielmus
1251 3003 1430 3082 Carpenter,

127 3088 278 3150 Ricardus
300 3091 511 3168 constabulus,
535 3090 724 3154 Guilielmus
741 3095 906 3172 Acatapan,
934 3091 1051 3152 Olivier
1064 3091 1105 3152 de
1122 3091 1221 3166 Alvei‚
1238 3091 1431 3171 Tancredus,

127 3183 228 3256 Anna,
246 3179 385 3241 notarius
402 3180 440 3241 de
457 3180 526 3242 1010
543 3180 740 3262 patriarchae,
752 3181 896 3262 princeps
912 3181 1075 3260 Rogerius.
1094 3214 1136 3223 -
1155 3180 1341 3262 Radulphus
1357 3181 1431 3261 dux,

126 3268 226 3328 Adam
244 3269 419 3346 conestalle,
442 3270 603 3331 Toroldus
619 3270 800 3346 vicecomes,
825 3272 989 3346 Robertus,
1007 3269 1089 3332 filius
1105 3270 1285 3346 Rostachin,
1302 3270 1432 3331 Pontius

125 3357 163 3418 de
180 3357 266 3419 Roca
284 3358 402 3434 Maura,
421 3358 621 3437 Guaifredus,
639 3359 721 3421 iilius
737 3359 912 3436 Ruinfredi,
931 3360 1111 3421 Amefridus
1127 3359 1261 3431 Amiral;
1288 3359 1432 3441 princeps

126 3446 280 3527 Rogerius
291 3464 517 3510 sacramentum
529 3448 599 3509 fecit
609 3449 641 3509 in
653 3449 765 3530 palatio
776 3449 806 3511 S.
817 3449 896 3510 Petri
912 3449 1070 3527 (Federici,
1082 3448 1200 3510 Lettere
1211 3449 1274 3510 aG.
1283 3448 1431 3531 Scioppo,

126 3555 154 3617 p.
169 3553 245 3615 147;
263 3537 388 3615 Ughelli
405 3538 457 3615 lv,
474 3557 504 3619 p.
515 3539 707 3617 847—848;
725 3538 839 3620 Lunig,
856 3539 936 3601 Cod.
954 3538 1084 3621 diplom.
1096 3538 1158 3599 Ital.
1177 3538 1201 3599 ll
1211 3539 1246 3616 B,
1263 3558 1292 3620 p.
1302 3557 1432 3617 2079-

127 3628 222 3703 2082,
234 3626 295 3687 No.
309 3643 344 3699 2;
362 3627 533 3707 Banchero,
551 3628 689 3706 Duomo,
707 3648 737 3710 p.
751 3645 831 3700 222;
849 3627 972 3691 Caffaro
988 3630 1080 3705 1828,
1096 3647 1126 3709 p.
1140 3647 1196 3708 ²33
1215 3627 1252 3689 cf.
1264 3627 1398 3690 Fanucci
1410 3628 1431 3706 l,

126 3735 155 3796 p.
174 3716 361 3796 163—1643
380 3716 520 3795 Calarus,
538 3717 692 3778 Liberatio
709 3718 846 3779 Orientis
863 3719 911 3779 ed.
929 3718 1022 3779 Riant
1040 3715 1123 3797 [Rec.
1139 3718 1169 3779 d.
1187 3717 1351 3796 croisades,
1368 3733 1430 3780 aut.

126 3802 274 3885 occid.V],
283 3825 370 3886 p.59,
380 3806 589 3885 ed.Belgrano
599 3807 620 3884 l,
633 3826 679 3887 p.1
694 3824 747 3886 143
760 3808 861 3890 Heyd,
874 3807 1009 3869 Histoire
1020 3807 1041 3885 1,
1053 3828 1083 3890 p.
1099 3828 1133 3888 13
1140 3828 1211 3888 3-1
1221 3827 1272 3888 34,
1289 3809 1368 3888 150).
1386 3806 1432 3867 35

201 3926 221 3991 ¹)
241 3925 283 3978 De
297 3941 358 3995 quo
372 3926 426 3980 Th.
441 3925 574 3995 Delbare,
588 3925 713 3983 Histoire
727 3927 763 3981 de
777 3925 938 3996 Tancrede,
951 3927 1030 3982 Paris
1047 3926 1128 3999 18223
1149 3928 1184 3983 de
1197 3927 1305 4000 Saulcy
1317 3927 1346 3983 in
1358 3926 1431 3984 Bibl.

125 3995 160 4048 tle
171 3992 271 4050 l'e'cole
283 3995 333 4050 des
344 3996 455 4051 chartes
470 3995 673 4079 1842-1843,A
683 3998 730 4066 lV,
740 4016 766 4070 p.
777 3999 918 4070 302--316,
926 4016 962 4071 50
965 4014 1076 4125 5-5ιό;
1093 4000 1124 4053 B.
1132 3998 1432 4070 Kugler,Bohemund

126 4066 1020 4196 u.·Tanltred,lJllrstenv.Antiochren,Tllbing.r862,p.33-5p;
1063 4070 1431 4156 scasaspdowffancreu.

125 4139 178 4191 Em
192 4138 375 4209 Lebensbrld,
395 4140 604 4222 1111111301880,
617 4140 654 4196 8⁰.
687 4142 730 4196 De
743 4143 967 4213 praedecessore
1009 4159 1024 4197 a

1027 4143 1124 4197 ncredt
1138 4141 1174 4198 cf.
1188 4141 1301 4197 branisl.
1316 4142 1403 4198 Priou

126 4208 242 4263 Gervais
256 4210 291 4290 de
305 4211 462 4282 Bazoches,
481 4228 577 4282 pnnce
592 4224 621 4268 et
634 4228 818 4282 gouvemeur
831 4213 866 4267 de
880 4211 1034 4269 Tibe'riade
1048 4213 1075 4268 in
1089 4213 1212 4269 Bulletin
1226 4214 1262 4269 de
1276 4214 1300 4268 la
1315 4161 1433 4270 Societ¹2

125 4278 360 4361 archeologtque,
371 4282 508 4338 Soissons
523 4283 597 4356 1865,
608 4284 682 4354 xlx,
695 4301 721 4355 p.
732 4303 746 4357 3
749 4303 778 4356 5¹
788 4316 817 4324 -
822 4302 881 4357 371,
896 4285 931 4339 de
942 4285 1085 4340 Tancredi
1098 4302 1266 4341 successore
1277 4285 1431 4342 loscellino

125 4351 244 4423 ejusque
258 4352 349 4423 stgtllo
370 4354 405 4409 cf.
420 4354 644 4427 Schlumberger
663 4354 690 4409 in
710 4356 806 4411 Revue
826 4355 988 4411 numismat.
1002 4356 1049 4411 VI.
1069 4354 1158 4428 Se'rie,
1177 4356 1220 4422 lll,
1240 4374 1267 4428 p.
1279 4359 1431 4430 463-464

127 4428 149 4490 ²)
168 4422 245 4479 Alias
259 4437 360 4495 portus
373 4425 402 4481 S.
413 4425 557 4482 Simeonis
572 4444 648 4482 nunc
661 4426 886 4500 as-Suweidijeh
899 4428 996 4500 (Heyd
1009 4428 1029 4493 1,
1042 4446 1068 4500 p.
1087 4429 1155 4501 169).

227 4581 246 4611 „
294 4536 390 4613 (1100
407 4539 495 4602 Mart.
521 4559 558 4620 25
575 4544 707 4618 —Aug
736 4540 797 4620 31),
826 4540 890 4602 ind.
915 4539 994 4602 Vlll.
1022 4575 1062 4585 —
1086 4541 1286 4619 Tancredus,
1311 4562 1328 4602 a
1352 4543 1432 4606 duce

126 4625 301 4688 Godofrido
319 4628 468 4689 dominus
483 4628 657 4690 Tiberiadis
674 4644 703 4690 et
719 4630 813 4691 totius
830 4630 983 4693 Galilaeae
1006 4631 1200 4709 constitutus,
1224 4651 1279 4713 per
1302 4651 1431 4693 manum

126 4716 241 4777 abbatis
252 4716 380 4778 Gerardi
392 4718 535 4779 ecclesiae
552 4717 582 4779 8.
595 4718 760 4780 Salvatoris
771 4720 888 4781 Montis
898 4720 1027 4782 Thabor
1036 4721 1153 4800 omnia,
1165 4740 1245 4802 quae
1261 4722 1432 4802 antiquitus

125 4806 313 4885 possederat,
324 4807 456 4889 exceptis
467 4823 587 4870 tantum
600 4808 789 4888 quibusdam
799 4809 938 4889 decimis,
950 4829 1030 4891 quae
1041 4829 1127 4872 nunc
1143 4810 1272 4890 quidem
1283 4811 1432 4873 militibus

125 4912 329 4975 reservantur,
346 4897 400 4957 sed
417 4899 541 4958 tandem
565 4899 604 4958 ad
627 4898 739 4960 dictam
763 4899 923 4960 ecclesiam
939 4901 1095 4979 redibunt,
1122 4900 1264 4962 concedit
1280 4917 1309 4962 et
1325 4903 1431 4980 donat,
