3398 5400
267 362 329 424 282
393 366 396 371 ’
830 358 1005 430 Regesta

328 574 418 636 1238
434 577 517 659 Sept.
530 613 570 620 —
583 578 699 654 Guido,
717 578 865 639 dominus
882 576 1055 654 Bibliensis,
1073 578 1181 639 domui
1200 577 1364 639 Firmitatis
1380 593 1410 639 et
1427 578 1570 639 fratribus

266 665 307 726 ibi
327 667 531 728 servientibus
551 668 682 728 domum
699 666 742 728 St.
760 666 856 746 Sergii
872 668 891 745 ¹)
909 686 965 747 pro
982 667 1080 728 salute
1096 667 1265 729 liberorum
1285 687 1416 729 suorum
1435 667 1571 743 Henrici,

267 755 437 817 Raimundi
449 771 478 817 et
488 756 647 817 Bertrandi
664 756 766 834 sigillo
777 756 928 831 concedit,
943 776 1041 837 «quae
1052 757 1167 819 domus
1184 756 1239 817 sita
1256 774 1300 818 est
1316 754 1349 818 in
1367 773 1472 819 monte
1491 758 1571 818 inter

267 844 410 906 Sanctam
427 845 618 906 Anastasiam
637 861 666 906 et
683 846 830 907 Sanctum
846 845 984 907 Blasium
1000 865 1093 927 supra
1110 846 1256 923 Biblium,
1281 866 1353 907 cum
1378 846 1571 928 pertinentiis

265 949 294 994 et
311 934 569 1015 possessionibus,
581 954 660 1015 quae
675 935 749 995 tales
765 950 848 1007 sunt,
865 934 978 996 scilicet
994 934 1090 996 casale
1107 936 1145 996 de
1162 935 1272 997 Soram
1288 955 1360 997 cum
1378 936 1464 996 terris
1480 936 1571 996 cultis

266 1039 295 1084 et
319 1024 442 1085 incultis
459 1039 488 1085 et
505 1024 718 1101 divisionibus,
738 1043 817 1104 quae
834 1024 908 1085 tales
924 1041 1012 1085 sunt:
1031 1026 1068 1084 ab
1085 1024 1244 1085 occidente
1256 1045 1362 1086 versus
1380 1044 1462 1086 mare
1480 1025 1571 1086 habet

265 1112 390 1191 signum
407 1113 506 1175 crucis
523 1113 555 1174 in
572 1133 635 1174 una
652 1129 736 1194 petra
754 1130 782 1174 et
798 1113 907 1174 dividit
923 1114 1001 1174 inter
1012 1113 1120 1175 Soram
1138 1130 1167 1174 et
1177 1114 1281 1189 Hota'r',
1298 1115 1495 1175 ameridiane
1507 1115 1570 1191 (sic)

266 1222 372 1263 versus
389 1202 595 1282 Caphartavas
613 1203 703 1263 habet
719 1222 821 1264 unum
837 1204 1075 1284 sarcophagum,
1093 1202 1148 1283 qui
1167 1204 1264 1264 tendit
1281 1205 1436 1284 usquead
1454 1224 1570 1279 cruces,

266 1307 294 1352 et
311 1292 348 1352 de
366 1293 509 1353 crucibus
526 1291 623 1353 tendit
638 1293 676 1352 ad
694 1292 773 1352 viam
791 1292 957 1373 publicam,
975 1293 1012 1353 ab
1029 1292 1148 1353 oriente
1163 1312 1269 1354 versus
1283 1294 1395 1354 Zardas
1412 1294 1503 1354 habet
1518 1313 1570 1354 sex

265 1400 381 1458 cruces,
406 1400 485 1460 quae
509 1382 641 1442 tendunt
665 1400 763 1461 usque
787 1380 824 1441 ad
848 1381 1017 1463 claperium
1033 1397 1191 1462 petrarum
1207 1398 1313 1443 contra
1329 1382 1440 1443 vallem
1458 1401 1570 1460 magne

265 1488 347 1547 cave,
365 1490 444 1550 quae
461 1471 570 1531 dividit
586 1471 664 1531 inter
680 1470 789 1531 Soram
806 1486 835 1530 et
851 1471 1025 1531 Resebim».
1061 1471 1215 1532 Praeterea
1239 1472 1381 1533 concedit
1404 1472 1571 1532 molturam

266 1558 412 1620 frumenti
430 1575 458 1620 et
475 1559 561 1620 ordei
579 1560 610 1620 in
628 1559 816 1621 molendinis
832 1561 905 1637 suis,
930 1561 1042 1621 deinde
1064 1560 1160 1620 casale
1183 1560 1287 1621 Elidar
1303 1561 1445 1641 superius
1458 1561 1480 1638 ²)
1497 1580 1570 1622 cum

264 1649 382 1726 pastina
399 1649 511 1709 Berora
528 1664 557 1709 et
576 1649 766 1729 pertiuentiis
790 1668 915 1710 necnon
939 1650 1057 1711 rusticis
1080 1650 1193 1711 scilicet
1216 1649 1317 1727 Brain,
1344 1649 1524 1729 Mousarege
1541 1664 1571 1710 et

266 1737 338 1815 Seit,
350 1739 436 1818 quod
448 1739 629 1799 terminatur
643 1738 694 1799 tali
711 1739 823 1800 modo:
841 1758 947 1799 versus
958 1738 1111 1800 orientem
1121 1739 1213 1799 habet
1222 1737 1390 1820 claperium
1403 1756 1570 1820 petrarum,

265 1827 320 1907 qui
343 1827 501 1889 descendit
523 1846 629 1888 versus
652 1827 815 1888 meridiem
840 1847 939 1908 usque
962 1829 1000 1888 ad
1024 1828 1105 1888 viam
1128 1828 1297 1910 publicam,
1321 1848 1401 1908 quae
1424 1828 1509 1890 ducit
1532 1828 1570 1888 ad

266 1915 384 1977 sontem
403 1917 441 1978 de
459 1917 614 1977 Amarseir
630 1933 659 1978 et
681 1917 790 1978 subtus
813 1917 945 1977 eandem
968 1917 1048 1978 viam
1071 1918 1109 1977 ad
1133 1916 1317 1978 divisionem
1342 1919 1380 1979 de
1405 1916 1571 1989 Amarseir,

264 2025 372 2066 versus
388 2006 630 2087 septentrionem
646 2022 707 2067 tres
723 2025 829 2067 cruces
846 2006 937 2067 factas
954 2007 986 2066 in
1003 2006 1168 2087 lapidibus,
1178 2025 1257 2086 quae
1269 2007 1379 2067 dixunt
1389 2008 1426 2068 ad
1438 2008 1572 2081 cavam³)

265 2109 295 2155 et
311 2114 417 2156 versus
434 2115 516 2156 mare
534 2096 624 2156 habet
641 2096 799 2175 quandam
819 2115 942 2157 crucem
960 2095 1068 2156 factam
1085 2096 1117 2156 in
1134 2094 1261 2176 lapides,
1273 2094 1429 2173 jardinum
1441 2114 1571 2176 quoque

265 2182 347 2262 juxta
364 2204 448 2245 mare
465 2184 622 2266 pertinens
645 2204 745 2265 usque
769 2185 807 2245 ad
831 2186 976 2246 sabulum
1000 2185 1092 2245 maris
1115 2185 1243 2246 nomine
1261 2185 1478 2266 Gapsarmelee
1498 2204 1573 2246 cum

265 2288 361 2354 puteo
378 2289 406 2334 et
423 2272 568 2354 tarquilio
584 2290 613 2335 et
629 2294 699 2335 cum
718 2294 773 2335 sua
790 2294 869 2354 aqua
886 2290 914 2335 et
931 2294 1002 2335 cum
1026 2290 1103 2335 terra
1128 2294 1227 2355 usque
1244 2275 1281 2334 ad
1299 2274 1443 2335 sabulum
1467 2273 1571 2346 maris,

265 2382 344 2443 quae
362 2378 437 2424 tunc
453 2379 516 2425 erat
531 2362 732 2424 cimisterium
750 2362 1001 2425 Sarracenorum.
1042 2363 1217 2424 Divisiones
1241 2363 1387 2444 praedicti
1411 2362 1521 2441 jardini
1542 2378 1573 2424 et

266 2451 416 2533 praefatae
439 2468 534 2513 terrae
559 2452 597 2512 ita
621 2453 841 2513 terminantur:
868 2455 905 2513 ab
929 2452 1046 2513 oriente
1069 2468 1214 2513 tenentur
1237 2473 1307 2514 curn
1334 2453 1382 2513 via
1406 2452 1572 2533 publica,a

265 2541 475 2622 septentrione
487 2562 558 2603 cum
570 2540 690 2619 jardino
701 2541 829 2602 nomine
840 2543 1042 2619 Hamdaraca,
1059 2562 1075 2602 a
1090 2541 1218 2602 meridie
1229 2561 1301 2602 cum
1313 2542 1451 2623 predicto
1461 2541 1573 2602 sabulo

266 2629 367 2705 maris,
384 2633 422 2690 ab
438 2630 598 2692 occidente
615 2650 688 2692 cum
698 2650 801 2705 muro,
812 2631 866 2711 qui
877 2647 921 2692 est
932 2630 1002 2691 finis
1013 2631 1238 2711 praenominati
1249 2629 1369 2708 jardini.
1386 2631 1465 2692 Tres
1476 2650 1573 2711 panes

265 2739 394 2799 quoque
411 2720 527 2782 saccari
544 2721 581 2781 de
599 2719 763 2781 calamellis
779 2721 817 2780 ad
834 2720 966 2782 fluvium
983 2719 1074 2781 Biblii
1090 2720 1231 2799 singulos
1248 2739 1348 2781 annos
1364 2721 1425 2795 dat,
1442 2719 1573 2800 quando

265 2808 497 2887 laborabuntur,
515 2810 611 2870 casale
628 2809 718 2870 etiam
736 2809 865 2871 nomine
883 2815 1008 2870 Arsexta
1020 2829 1091 2870 cum
1103 2809 1295 2891 pertinentiis
1312 2825 1342 2870 et
1357 2809 1573 2886 divisionibus,

265 2918 345 2978 quae
362 2897 435 2958 tales
452 2914 540 2959 sunt:
559 2918 665 2959 versus
682 2898 832 2960 orientem
850 2899 929 2960 inter
940 2899 1131 2981 praedictum
1142 2898 1238 2959 casale
1251 2899 1288 2959 de
1299 2904 1426 2959 Arsexta
1437 2914 1465 2959 et
1475 2898 1573 2959 casale

265 2988 302 3048 de
314 2986 406 3062 Quils
422 2990 531 3049 subtus
542 2989 621 3048 viam
640 2988 795 3069 publicam
813 2988 904 3049 habet
920 3007 1042 3050 crucem
1061 3007 1156 3049 unam
1174 2987 1282 3048 factam
1300 2987 1330 3048 in
1348 2988 1449 3069 lapide
1465 3003 1573 3048 contra

266 3076 426 3137 meridiem
443 3093 472 3137 et
489 3075 570 3152 juxta
587 3078 717 3138 eandem
736 3077 816 3138 viam
828 3077 982 3159 publicam
1000 3078 1091 3138 habet
1107 3078 1183 3138 duas
1200 3096 1306 3138 cruces
1324 3077 1356 3138 in
1373 3096 1439 3138 uno
1456 3096 1574 3155 magno

264 3164 377 3246 lapide,
394 3167 431 3225 ab
447 3166 605 3227 occidente
624 3187 730 3228 versus
747 3186 830 3227 mare
848 3164 928 3242 juxta
946 3166 1025 3227 viam
1043 3166 1198 3248 publicam
1216 3167 1253 3227 ad
1272 3186 1400 3227 manum
1418 3165 1573 3227 sinistram

265 3255 355 3315 habet
372 3274 467 3316 unam
484 3275 607 3316 crucem
625 3257 657 3317 in
675 3276 736 3317 una
754 3271 837 3337 petra
849 3272 878 3316 et
888 3256 995 3317 dividit
1007 3257 1083 3316 inter
1093 3256 1205 3315 Zardas
1220 3271 1249 3316 et
1266 3256 1457 3337 praedictum
1474 3254 1573 3316 casale

265 3359 294 3405 et
310 3345 419 3405 subtus
436 3346 566 3406 eandem
584 3365 718 3422 crucem,
735 3345 813 3405 sicut
829 3345 926 3406 tendit
941 3345 1110 3426 claperium
1122 3361 1275 3426 petrarum
1289 3364 1343 3425 per
1352 3345 1458 3405 sallem
1471 3363 1573 3424 usque

264 3432 303 3493 ad
319 3452 444 3494 cursum
461 3453 569 3514 aquae,
583 3436 672 3495 habet
683 3450 829 3515 quattuor
844 3453 1049 3514 cruces,quae
1066 3434 1198 3495 tendunt
1214 3453 1314 3513 usque
1331 3435 1369 3494 ad
1385 3433 1571 3494 divisionem

265 3521 470 3600 Deisetninar,
481 3543 587 3585 versus
600 3524 759 3584 meridiem
778 3524 868 3584 habet
884 3544 935 3584 sex
953 3543 1058 3584 cruces
1076 3523 1166 3584 lactas
1183 3523 1215 3583 in
1233 3522 1397 3602 lapidibus,
1409 3542 1488 3602 quae
1504 3538 1573 3583 ten-

265 3612 345 3673 dunt
362 3632 416 3693 per
431 3612 541 3673 vallem
561 3633 659 3692 nsque
670 3614 707 3673 ad
719 3631 845 3674 cursum
856 3632 954 3691 aquae
965 3629 994 3673 et
1004 3612 1147 3673 dividunt
1158 3612 1237 3672 inter
1247 3617 1372 3673 Arsexta
1384 3627 1413 3673 et
1424 3610 1572 3673 Beserlin.

265 3702 350 3762 Haec
366 3702 476 3762 omnio
492 3703 592 3763 dictus
607 3702 713 3764 Guido
730 3701 872 3762 concedit
889 3702 988 3775 Petro,
1006 3717 1081 3762 tunc
1097 3701 1196 3761 abbati
1214 3700 1244 3762 S.
1263 3701 1359 3782 Sergii
1378 3700 1517 3778 (Chartes
1534 3701 1574 3761 de

265 3790 403 3872 l'abbaye
421 3791 630 3852 Cistercienne
655 3792 692 3851 de
717 3790 759 3852 St.
778 3791 870 3869 Serge
888 3791 926 3851 de
942 3791 1046 3853 Giblet
1069 3791 1100 3851 in
1126 3791 1219 3851 Me'm.
1239 3790 1267 3851 cl.
1286 3791 1380 3871 antiq.
1399 3792 1436 3851 de
1454 3789 1573 3850 France

266 3879 399 3955 XLVlll,
417 3900 447 3962 p.
466 3881 612 3959 ati—293
638 3879 675 3941 cf.
695 3879 845 3940 Rbhricht
862 3880 894 3940 in
911 3879 1027 3940 ZDPV.
1045 3880 1096 3959 xl,
1115 3900 1144 3961 p.
1169 3879 1359 3959 139-141).
1481 3876 1573 3938 1082

340 3984 360 4047 ¹)
380 3981 409 4035 ld
431 3994 473 4036 est
490 3981 552 4037 Mirr
565 3981 691 4049 Serlrhis,
713 3980 835 4037 fortasse
856 3981 935 4036 locus
956 3980 994 4035 sic
1016 3980 1174 4053 appellatus
1194 3982 1271 4052 apud
1292 3979 1430 4035 Schebtin
1450 3981 1574 4049 (Renan,

265 4052 393 4120 Mission,
407 4071 433 4125 p.
449 4072 462 4107 2
466 4053 519 4124 58).
604 4060 625 4120 ⁹)
645 4053 737 4107 Feditr
750 4053 894 4121 all-auhn,
915 4051 950 4107 cf.
965 4053 1072 4121 Renan,
1086 4069 1112 4123 p.
1128 4069 1186 4107 222.
1263 4053 1283 4120 ³)
1303 4050 1339 4106 cf.
1352 4051 1420 4106 ibid.
1435 4069 1461 4122 p.
1476 4051 1535 4122 258.

310 4167 320 4244 (
360 4212 378 4244 „
425 4161 564 4246 )Octob.
584 4167 613 4226 o.
639 4170 756 4226 Accon.
774 4165 1048 4244 —Elustorgius),
1068 4164 1319 4245 archiepiscopus
1337 4163 1527 4225 Nicosiensis
1543 4181 1574 4226 et

264 4257 451 4337 patriarchae
468 4254 742 4337 Hierosolymitani
760 4255 900 4332 vicarius,
918 4253 1105 4332 Hlenricus),
1122 4253 1372 4334 archiepiscopus
1384 4254 1574 4332 Nazarenus,

266 4345 449 4422 Rladulfus),
463 4344 662 4417 Acconensis‚
681 4343 844 4420 Rladulfus
861 4343 891 4420 l),
909 4343 1083 4417 Liddensis,
1100 4343 1248 4424 episcopi,
1257 4344 1276 4418 ¹)
1293 4342 1400 4421 Hlugo
1418 4343 1462 4420 ll),
1479 4343 1574 4403 abbas

264 4435 401 4517 Templi,
418 4436 497 4512 G.,²)
514 4450 617 4495 custos
634 4433 813 4513 Hospitalis,
832 4433 1022 4509 Arinaudus,
1040 4432 1183 4510 magister
1198 4432 1334 4512 Templi,
1352 4450 1458 4493 comes
1474 4431 1574 4493 Gual-

264 4540 349 4586 tetus
365 4525 403 4585 de
420 4525 531 4601 Brcna,
545 4524 638 4600 Oldo)
655 4523 693 4583 de
711 4523 819 4583 Monte
836 4522 977 4600 Beliardi,
994 4522 1224 4583 comestabulus
1241 4521 1328 4601 regni
1344 4521 1574 4602 Hierosolymi-

266 4614 339 4689 tani,
358 4613 532 4691 Blalianus),
557 4611 706 4674 dominus
722 4612 937 4694 Sydoniensis,
964 4627 992 4672 et
1016 4610 1205 4687 lohannes),
1231 4610 1379 4672 dominus
1404 4610 1574 4688 Caesariae,

264 4702 461 4778 T(heobald0
478 4701 539 4779 lV),
563 4702 626 4781 regi
644 4702 795 4762 Navarrae
813 4716 842 4761 et
858 4701 964 4761 comiti
981 4700 1179 4781 Campaniae,
1203 4720 1237 4760 ac
1258 4699 1395 4761 dominis
1412 4699 1574 4778 Rloberto)

342 4844 360 4909 ¹)
379 4842 423 4895 De
437 4858 497 4920 quo
511 4841 621 4894 ZDPV.
636 4840 671 4920 X,
683 4856 711 4909 p.
726 4838 767 4893 28.
829 4909 834 4919 .
878 4840 898 4918 ξ)
918 4839 1027 4918 'leatus
1040 4836 1096 4909 sic,
1109 4837 1265 4908 legendum
1279 4849 1321 4892 est
1335 4837 1522 4917 B(ertrandus
1536 4838 1574 4892 de

266 4912 397 4985 Comps),
411 4930 460 4984 qur
473 4930 496 4967 a.
517 4912 582 4985 1238
596 4922 732 4983 magister
743 4909 899 4983 Hospitahs
913 4908 981 4980 sutt;
1000 4908 1035 4965 cf.
1049 4910 1188 4980 llerquet,
1200 4907 1409 4980 Chronologre,
1421 4924 1448 4979 p.
1464 4925 1505 4980 39.
