3398 5400
587 343 940 419 regniHierosolymirani
1354 372 1413 433 325

112 585 191 646 quae
215 565 280 648 ipse
303 565 441 648 possidet
456 566 489 628 in
506 566 623 628 civitate
641 572 747 629 Accon
769 567 883 628 scilicet
898 566 930 629 in
948 567 1027 646 loc0,
1045 567 1099 646 qui
1123 565 1235 629 dicitur
1254 568 1416 645 rabanum,

112 656 207 717 donat
223 672 253 717 et
268 654 440 718 confirmat.
480 656 538 717 His
557 672 660 718 autem
677 657 925 739 possessionibus
942 657 1108 718 cohaerent
1123 677 1140 718 a
1158 656 1285 718 meridie
1302 657 1417 718 domus

112 745 142 807 S.
168 745 379 826 Margarethae
404 745 613 825 Graecorum,
640 746 791 808 Johannis
816 746 932 807 scribae
957 761 986 806 et
1011 746 1126 808 domus
1158 744 1259 807 Belfar
1289 746 1416 822 scribae,

112 854 245 916 quarum
269 834 370 896 Eelfar
391 855 480 896 suam
497 836 534 897 ad
551 854 681 897 censum
697 838 735 897 ab
752 837 864 897 eodem
882 835 1034 916 Hospitali
1052 850 1145 914 tenet,
1170 837 1207 897 ab
1224 835 1342 897 oriente
1359 835 1416 912 via,

112 944 191 1005 quae
208 923 319 985 dicitur
341 924 380 985 de
404 923 497 987 furno
520 946 576 987 seu
600 925 735 1003 rabbato,
760 925 873 987 domus
897 924 1039 1002 Mercuri,
1063 925 1118 1005 qui
1141 924 1246 987 vendit
1270 925 1362 1001 fabas,
1389 941 1418 986 et

112 1014 226 1075 domus
248 1014 386 1091 Joannis,
411 1013 464 1074 filii
488 1014 600 1092 Amici,
623 1016 750 1076 aborea
767 1015 881 1076 domus
896 1013 1060 1075 Theodori
1080 1013 1198 1091 Graeci,
1221 1013 1279 1092 via,
1303 1014 1418 1075 domus

111 1103 262 1165 lobannis
277 1103 456 1181 Alemanni,
479 1103 629 1165 lobannis
646 1105 770 1181 Barbae,
795 1108 895 1186 Aysae
919 1102 1166 1180 chiamellatoris,
1191 1103 1305 1164 Mariae
1330 1104 1417 1184 May-

111 1207 223 1273 gottae,
235 1193 443 1270 Constantini,
455 1193 552 1255 fratris
569 1193 766 1273 Mangiantis,
783 1193 934 1254 lobannis
949 1192 1095 1271 Barberii,
1112 1193 1263 1255 lohannis
1280 1193 1371 1254 Rahu
1388 1208 1418 1253 et

112 1282 237 1362 domus,
255 1301 334 1362 quae
352 1282 409 1344 fuit
432 1282 591 1344 Michaelis
607 1284 646 1345 de
662 1284 815 1361 Cantone,
833 1302 929 1364 quam
953 1301 1038 1344 nunc
1061 1298 1144 1344 tenet
1167 1281 1295 1344 domina
1318 1283 1417 1344 Bene-

112 1387 235 1451 venuta‚
253 1373 290 1432 ab
308 1372 467 1433 occidente
484 1392 595 1453 magna
612 1372 659 1433 via
675 1373 808 1455 publica.
842 1372 962 1434 Fratres
978 1391 1052 1433 vero
1069 1371 1238 1452 Hospitalis
1256 1371 1418 1433 annuatim

111 1460 230 1522 solvere
246 1475 408 1523 tenentur:
425 1461 481 1523 uni
497 1462 656 1540 sacerdoti,
674 1462 728 1542 qui
745 1462 877 1523 celebret
892 1462 925 1523 in
941 1461 1066 1522 ecclesia
1083 1461 1114 1523 S.
1133 1461 1251 1523 Nicolai
1268 1462 1307 1523 de
1324 1461 1414 1522 cime-

112 1549 188 1612 terio
199 1550 387 1630 Acconensi,
405 1551 459 1611 XL
469 1551 627 1630 bisantios,
645 1551 773 1613 totidem
789 1550 849 1629 alii,
861 1551 915 1631 qui
932 1552 1063 1613 celebret
1079 1550 1111 1611 in
1128 1552 1243 1632 capella
1260 1551 1290 1612 S.
1304 1550 1418 1613 Mariae

112 1640 226 1701 scilicet
242 1639 386 1701 ecclesiae
403 1640 434 1702 S.
444 1641 563 1719 Crucis,
582 1656 610 1702 et
626 1641 651 1701 si
667 1644 741 1702 urbs
751 1639 1035 1722 Hierosolymitana
1046 1657 1166 1721 recepta
1178 1640 1278 1717 fuerit,
1290 1640 1419 1702 totidem

112 1728 170 1807 alii,
181 1727 235 1809 qui
247 1727 378 1791 celebret
394 1729 426 1791 in
444 1729 569 1792 ecclesia
585 1730 616 1792 S.
628 1730 791 1812 Sepulchri
808 1731 845 1792 ad
862 1728 954 1791 altare
966 1729 995 1791 S.
1008 1729 1097 1808 Petri,
1109 1730 1237 1811 insuper
1246 1730 1304 1791 XX
1315 1728 1418 1791 bisan-

111 1818 171 1881 tios
193 1836 252 1899 pro
275 1819 484 1880 anniversario
507 1819 621 1881 scilicet
643 1821 672 1881 X
688 1819 804 1880 clericis
829 1818 973 1880 ecclesiae
996 1819 1027 1880 S.
1045 1819 1155 1881 Crucis
1172 1819 1373 1897 Acconensis,
1391 1818 1418 1880 V

111 1906 228 1969 clericis
251 1908 395 1970 ecclesiae
420 1908 450 1970 S.
475 1908 638 1990 Sepulchri
662 1924 691 1970 et
713 1909 842 1970 totidem
868 1908 985 1970 clericis
1008 1909 1151 1970 ecclesiae
1178 1908 1209 1970 S.
1234 1907 1354 1970 Nicolai
1380 1908 1418 1970 de

112 1996 281 2075 cimeterio,
299 1997 412 2059 deinde
430 1998 487 2060 DC
503 1998 650 2059 bisantios
671 1998 816 2060 dominae
840 1997 958 2059 lsabelli
981 1999 1020 2059 de
1037 1998 1189 2076 Adelone,
1207 1997 1311 2078 quoad
1328 1997 1417 2058 vivat.

110 2119 155 2130 -
180 2087 312 2149 Jacobus
338 2086 444 2149 Vitalis
476 2087 574 2166 miles,
600 2087 803 2166 Guarnerius,
830 2087 1004 2165 Rainerius,
1030 2085 1106 2166 juris
1134 2087 1260 2168 peritus,
1286 2087 1417 2168 Symon,

112 2176 289 2257 capellanus
312 2175 535 2258 archiepiscopi
559 2175 782 2252 Caesariensis;
815 2177 853 2238 de
880 2176 1023 2238 iratribus
1048 2176 1235 2259 Hospitalis:
1263 2176 1418 2237 Henricus

112 2265 339 2346 hospitalarius,
356 2266 514 2327 Johannes
531 2267 569 2327 de
587 2267 730 2344 Malienc,
750 2267 856 2328 Petrus
871 2266 979 2345 Begas,
997 2265 1114 2328 Vitalis.
1148 2266 1283 2328 Aliottus
1300 2265 1418 2344 Uguic-

111 2354 222 2433 cionis,
240 2352 333 2434 judex
349 2370 379 2416 et
395 2355 533 2416 notarius
549 2357 703 2438 publicus,
720 2356 849 2438 scripsit,
873 2355 1055 2434 Joscelinus,
1073 2356 1324 2437 archiepiscopus
1340 2356 1419 2417 Cae-

112 2443 264 2522 sariensis,
281 2444 417 2523 sigillum
441 2446 586 2526 apposuit
609 2445 704 2521 (Paoli
720 2445 741 2525 Ι,
759 2464 789 2526 p.
809 2465 995 2525 aaa—224,
1012 2446 1073 2507 No.
1097 2447 1172 2522 r8r;
1206 2444 1242 2506 cf.
1261 2465 1290 2527 p.
1312 2464 1418 2524 541-

115 2552 193 2614 5423
219 2533 292 2596 Lois
310 2531 368 2614 [ed.
386 2532 539 2614 Beuguot]
557 2534 578 2613 l,
595 2555 626 2616 p.
645 2535 725 2610 607;
744 2535 778 2611 ll,
795 2555 825 2616 p.
849 2536 909 2615 164
925 2536 1013 2613 not).
1328 2531 1417 2593 1234

161 2638 251 2700 1255
268 2639 341 2720 Maj.
365 2662 411 2722 ¹4·
443 2641 576 2723 Tripoli.
594 2677 637 2686 —
654 2642 869 2719 Bloemundus
892 2642 954 2723 Vll,
980 2642 1124 2724 princeps
1148 2641 1365 2704 Antiochenus
1390 2657 1419 2703 et

112 2749 218 2792 comes
233 2730 457 2812 Tripolitanus,
475 2732 612 2793 Henrico
629 2732 677 2810 ΙΙΙ,
695 2732 758 2812 regi
775 2732 917 2813 Angliae,
939 2731 1075 2813 exponit,
1092 2731 1302 2792 Turcimanos
1317 2745 1418 2792 totum

113 2819 320 2902 principatum
338 2820 549 2882 crudelissime
565 2820 727 2882 vastavisse
744 2836 782 2899 et,
807 2836 841 2882 ut
863 2820 1014 2882 auxilium
1037 2821 1122 2899 ferat,
1145 2837 1285 2903 precatus
1308 2821 1419 2882 latores

113 2909 261 2991 epistolae
272 2910 456 2971 Conradum
466 2912 504 2971 de
516 2911 603 2972 Duce
620 2911 749 2975 militem
766 2925 796 2971 et
811 2909 1027 2972 Gwarennum
1039 2912 1252 2992 presbyterum
1268 2929 1303 2971 ac
1319 2910 1419 2990 capel-

113 2999 222 3060 lanum
247 3018 340 3060 suum
366 3001 566 3061 commendat
591 2999 715 3077 (Annal.
740 3000 777 3061 de
801 3001 931 3079 Burton,
955 3019 986 3081 p.
1013 3001 1216 3080 369—3713
1257 3000 1374 3081 Rymer
1397 2999 1418 3079 Ι,

114 3109 144 3170 p.
158 3089 241 3169 321).
258 3083 268 3172 ll
283 3089 349 3150 Rex
359 3089 491 3169 Angliae
505 3089 678 3171 «rescripsit
694 3090 820 3166 eisdem,
837 3105 871 3151 ut
885 3089 1055 3167 videbatur,
1073 3090 1164 3150 telam
1175 3089 1302 3150 vitream
1319 3088 1419 3149 verbis

113 3177 330 3240 verisimilibus
354 3179 559 3257 contexend0,
585 3179 748 3261 perplexus
770 3178 855 3240 enim
878 3179 957 3240 circa
982 3179 1105 3258 negotia
1128 3177 1215 3258 regni
1240 3177 1364 3240 Ciliciae
1390 3192 1420 3238 et

114 3267 247 3349 Apuliae
263 3268 301 3329 ad
318 3268 378 3330 hoc
395 3268 465 3329 totis
482 3268 601 3330 nisibus
618 3268 804 3347 intendebat,
822 3283 855 3329 ut
872 3268 953 3330 filius
969 3288 1046 3330 suus
1056 3269 1260 3331 Edmundus.
1273 3315 1280 3329 .
1293 3315 1300 3329 .
1314 3314 1319 3326 .
1338 3265 1420 3346 ejus-

114 3357 186 3418 dem
212 3356 299 3438 regui
326 3357 503 3419 dominium
528 3358 721 3439 adquireret»
748 3358 872 3435 (Annal.
891 3358 928 3420 de
948 3359 1078 3437 Burton,
1103 3378 1133 3440 p.
1153 3377 1232 3436 3713
1265 3357 1383 3439 Rymer
1398 3357 1420 3434 1,

114 3466 145 3528 p.
165 3465 244 3526 3ar;
270 3446 308 3507 cf.
325 3446 486 3526 Rbhricht,
504 3448 595 3510 Beitr.
613 3448 647 3526 ll,
666 3467 695 3530 p.
716 3448 799 3527 284).
1331 3443 1421 3505 1235

197 3599 216 3630 ‚‚
262 3554 333 3615 Juu.
351 3560 468 3615 Accon.
479 3553 673 3634 -Egidius,
690 3553 941 3636 archiepiscopus
949 3552 1109 3634 Tyrensis,
1127 3552 1229 3632 sigillo
1246 3552 1421 3633 confirmat,

114 3642 274 3704 Thomam
285 3643 471 3705 Cordarium
487 3662 591 3704 coram
603 3643 778 3706 Guillermo
793 3644 831 3705 de
851 3644 1058 3719 Castronovo,
1076 3641 1246 3724 Hospitalis
1263 3643 1420 3722 magistro,

114 3732 173 3794 sibi
189 3733 331 3811 domum,
350 3752 445 3813 quam
462 3754 479 3793 a
496 3733 593 3795 domo
609 3733 779 3814 Hospitalis
795 3734 853 3794 sub
870 3732 997 3793 annuali
1013 3751 1108 3794 ceusu
1126 3731 1150 3792 ΙΙ
1167 3732 1371 3794 bisantiorum
1389 3732 1422 3793 in

114 3822 184 3882 vico
211 3823 385 3903 Anglorum
412 3822 589 3884 Acconensi
612 3822 701 3884 sitam
731 3824 863 3900 tenebat,
888 3821 1000 3884 CCCC
1023 3821 1160 3883 bisantiis
1184 3821 1360 3883 vendidisse
1383 3821 1421 3882 ad

116 3910 267 3993 hospitale
290 3910 518 3974 aedificandum
535 3927 563 3973 et
579 3912 756 3974 lohannem
772 3910 949 3973 Brisebacin
965 3909 1055 3971 aliam
1072 3911 1188 3972 ibidem
1209 3910 1309 3990 sitam,
1327 3929 1422 3991 quam

115 4003 239 4063 tenebat
254 4003 291 4062 ab
308 4001 472 4082 Hospitali,
494 4021 628 4084 quarum
652 4002 808 4063 domuum
831 3999 964 4062 invicem
988 3998 1226 4079 conjunctarum
1249 3999 1327 4061 fines
1351 4016 1423 4061 sunt

116 4093 154 4151 ab
171 4090 288 4152 oriente
310 4091 359 4151 via
382 4090 570 4170 communis,
597 4093 634 4152 ab
658 4091 817 4153 occidente
840 4109 940 4167 mare;
967 4090 1128 4151 ameridie
1153 4090 1246 4151 altera
1271 4088 1423 4168 contingit

116 4178 249 4241 domum
260 4179 415 4241 Paumerii
425 4178 573 4260 defuncti,
590 4201 606 4240 a
622 4180 833 4261 septentrione
844 4179 929 4261 prior
939 4179 1073 4242 domum
1083 4178 1253 4261 Hospitalis
1264 4177 1423 4256 (Archives

116 4269 155 4330 de
170 4267 305 4330 l'Orient
320 4269 393 4331 latin
411 4269 432 4347 l,
449 4289 479 4351 p.
497 4289 538 4350 42
546 4271 684 4350 5-426‚
702 4270 762 4332 No.
786 4289 816 4344 13
842 4269 938 4350 Paoli,
955 4269 1072 4332 Codice
1089 4268 1111 4347 l,
1128 4289 1158 4350 p.
1172 4269 1245 4348 261,
1262 4268 1323 4329 No.
1343 4286 1421 4345 2203

117 4357 155 4419 cf.
172 4377 202 4439 p.
224 4359 303 4438 5483
329 4358 480 4420 Rbhricht
496 4359 529 4420 in
545 4359 662 4421 ZDPV.
681 4359 719 4437 X,
737 4378 767 4441 p.
790 4359 844 4435 183
868 4358 1020 4439 Aegidius
1036 4373 1125 4421 antea
1143 4358 1242 4421 fuerat
1257 4356 1423 4439 episcopus

118 4445 332 4524 Damiatinus).
1332 4445 1423 4507 1236

198 4589 218 4621 ,‚
265 4545 425 4625 (postlun.
440 4546 595 4627 3o-)Jul.
615 4567 644 4624 a,
662 4545 727 4607 ind.
738 4545 813 4607 Xlll.
839 4546 872 4607 ln
888 4545 965 4607 locis
981 4545 1190 4629 infrascriptis.
1207 4580 1251 4589 —-
1266 4546 1425 4608 locelmus

117 4635 156 4697 de
165 4633 307 4715 Tornell,
319 4634 410 4696 frater
419 4636 534 4697 domus
544 4634 725 4717 Hospitalis,
743 4634 915 4715 confirmat,
932 4655 965 4697 se
981 4635 1112 4698 nomine
1128 4633 1270 4714 ejusdem
1287 4635 1423 4716 magistri

118 4743 189 4786 cum
214 4723 332 4786 Aliotto
354 4724 569 4805 Uguiccionis,
593 4723 695 4804 judice
712 4739 740 4786 et
757 4724 879 4786 notario
896 4723 1033 4807 public0,
1057 4740 1087 4785 et
1103 4724 1246 4787 fratribus
1262 4725 1369 4787 Garsia
1385 4726 1424 4787 de

119 4813 268 4895 Rospide,
294 4813 462 4893 Ferrando,
488 4814 659 4891 Gonsalvo,
685 4813 894 4892 Folkeranno,
919 4814 1103 4891 Bertrand0,
1129 4814 1267 4894 Rogerio
1300 4833 1424 4877 necnon

118 4902 303 4984 Girardino,
329 4905 420 4966 Petro
443 4905 482 4966 de
504 4904 638 4985 Girona,
662 4903 814 4966 Michaele
836 4920 865 4966 et
888 4905 1046 4966 Matthaeo
1068 4903 1242 4987 turcopulis
1264 4903 1352 4966 XXX
1374 4903 1424 4966 die
