3398 5400
287 344 348 422 348
849 336 1025 405 Regesta

283 431 518 438 ———-.

284 576 391 638 pacem
408 576 479 617 curn
497 555 642 639 Philippo
659 558 697 618 de
715 556 905 635 Monteforti,
923 557 1054 619 domino
1070 556 1156 638 Tyri,
1173 557 1281 618 factam
1299 555 1400 636 sigillo
1417 554 1595 618 confirmat.

283 647 446 727 Philippus
469 647 553 707 enirn
577 646 725 708 omnibus
747 647 955 708 Januensibus
978 648 1010 708 in
1035 646 1177 708 dominio
1200 667 1260 708 suo
1283 645 1458 707 constitutis
1475 646 1596 708 securi-

283 751 385 814 tatem,
407 736 538 797 liberum
564 735 789 797 commercium
806 751 835 797 et
857 735 984 797 liberam
1009 736 1125 797 curiam
1149 736 1299 818 promittit
1323 754 1447 798 necnon
1471 752 1597 818 praeter

284 825 401 885 tertiam
419 840 535 906 partem
552 825 731 886 reddituum
742 840 866 886 catenae
881 841 911 886 et
924 827 1021 887 multa
1031 825 1086 886 alia
1099 825 1255 907 privilegia
1266 825 1419 904 concedit,
1432 839 1467 887 ut
1477 844 1596 905 aquarn

283 915 321 975 de
338 915 495 976 conductu
520 915 552 975 in
575 931 652 975 terra
675 936 730 977 sua
753 916 896 990 habeant,
914 935 993 996 quae
1017 932 1061 976 est
1083 917 1192 976 subtus
1216 934 1304 976 arcus
1320 914 1495 977 conductus
1513 914 1596 976 inter

284 1024 449 1065 massuram
472 996 677 1066 Januensium
701 1021 730 1065 et
753 1005 971 1067 molendinum
997 1005 1126 1067 Gerardi
1152 1004 1302 1082 Fornerii,
1329 1024 1386 1085 pro
1412 1004 1595 1066 canamellis

284 1093 440 1155 faciendis.
465 1094 595 1175 Insuper
611 1093 775 1155 confirmat
791 1094 921 1175 plateam
939 1112 967 1156 et
984 1114 1103 1173 rugant,
1121 1113 1201 1174 quae
1218 1093 1325 1174 incipit
1340 1095 1373 1155 in
1390 1093 1498 1171 tuella,
1510 1113 1594 1174 quae

283 1199 327 1244 est
344 1183 422 1244 inter
437 1183 568 1245 domum
585 1183 660 1245 olim
671 1183 816 1244 Rollandi
828 1184 1040 1245 Mainebuefa
1057 1184 1179 1244 dextera
1196 1199 1225 1244 et
1241 1184 1375 1245 domum
1390 1182 1536 1244 Thomas
1554 1184 1594 1244 de

283 1273 403 1351 Faigno
420 1293 435 1332 a
452 1273 581 1351 sinistra,
605 1273 684 1334 sicut
706 1273 767 1334 itur
784 1274 821 1333 de
838 1288 930 1354 portu
948 1293 1003 1356 per
1018 1273 1102 1334 illam
1119 1272 1248 1334 ruellam
1272 1273 1416 1353 superius
1433 1291 1536 1353 usque
1553 1273 1593 1334 ad

283 1381 392 1440 rugam
410 1363 447 1422 de
458 1362 631 1423 Carentena
649 1379 677 1423 et
693 1363 771 1423 sicut
788 1362 848 1424 itur
864 1362 979 1423 illamet
995 1364 1059 1444 ipsa
1076 1382 1151 1441 ruga
1169 1363 1206 1423 de
1217 1362 1366 1423 Carentea
1382 1381 1489 1423 versus
1507 1363 1593 1424 occi-

283 1452 408 1512 dentem
419 1471 518 1532 usque
535 1453 572 1513 ad
590 1452 730 1513 medium
741 1451 850 1530 voltae,
862 1471 942 1532 quae
953 1469 997 1513 est
1006 1452 1077 1514 loco
1088 1451 1197 1531 vicina,
1210 1452 1264 1532 qui
1276 1467 1402 1513 vocatur
1412 1450 1443 1513 S.
1452 1452 1592 1532 Esquer-

282 1557 360 1618 rant,
384 1557 414 1601 et
429 1542 511 1602 vadit
534 1561 588 1623 per
611 1542 750 1603 medium
774 1541 887 1602 camini
911 1541 988 1603 ultra
1012 1541 1198 1603 dimittendo
1222 1541 1275 1602 Xll
1294 1539 1392 1602 voltas
1407 1540 1537 1622 Templi
1553 1542 1594 1602 ad

283 1650 412 1692 manum
436 1629 600 1710 sinistram,
625 1647 654 1692 et
677 1628 845 1693 curtillium
869 1630 1030 1693 Guilielmi
1054 1631 1220 1692 Carehadit
1242 1632 1280 1691 ad
1302 1650 1432 1692 manum
1449 1631 1592 1691 dextram

283 1738 383 1800 usque
399 1720 437 1780 ad
455 1740 581 1781 murum
593 1719 743 1799 vetulum,
755 1720 810 1800 qui
827 1720 884 1781 fuit
900 1720 1070 1801 antiquitus
1080 1718 1222 1781 clausura
1232 1719 1332 1800 villae,
1344 1736 1373 1781 et
1383 1720 1462 1781 sicut
1472 1718 1594 1781 illemet

283 1829 392 1870 murus
408 1809 525 1870 solebat
542 1809 584 1870 ire
600 1830 707 1871 versus
724 1811 850 1871 boream
867 1830 967 1891 usque
984 1811 1023 1871 ad
1040 1810 1209 1889 caminum,
1227 1809 1282 1890 qui
1299 1809 1405 1890 incipit
1420 1830 1438 1870 a
1455 1825 1592 1871 cantone

283 1898 405 1975 curtilii,
426 1899 512 1978 quod
536 1914 580 1960 est
596 1901 789 1962 Venetorum
807 1919 823 1959 a
839 1919 936 1961 manu
959 1900 1072 1978 dextra,
1095 1914 1124 1960 et
1147 1898 1268 1977 curtilii,
1293 1900 1378 1979 quod
1403 1898 1461 1960 fuit
1482 1899 1592 1960 Jacobi

282 1988 460 2049 Bonvaissel
476 2009 493 2048 a
511 2008 604 2050 manu
622 1989 753 2067 sinistra,
778 2005 806 2050 et
822 1989 901 2050 sicut
916 1990 1031 2050 illemet
1047 1989 1188 2049 caminus
1203 1987 1285 2049 vadit
1307 2008 1412 2049 versus
1435 1987 1591 2049 orientem

282 2077 411 2138 inferius
436 2078 620 2139 dimittendo
643 2098 659 2138 a
683 2079 785 2139 dextra
812 2078 942 2140 domum
970 2078 1097 2140 Gerardi
1123 2079 1294 2159 Cachepart
1319 2092 1348 2138 et
1373 2077 1481 2155 voltas,
1508 2097 1592 2158 quae

284 2167 409 2228 fuerunt
425 2166 541 2227 Vidalis
559 2167 686 2244 Calefat,
710 2186 809 2247 usque
834 2168 870 2228 ad
895 2168 1005 2229 vallem
1022 2168 1061 2228 ad
1078 2184 1246 2229 cantonum
1270 2166 1399 2228 inferius
1415 2165 1591 2245 darcenale,

282 2256 335 2317 ubi
352 2272 425 2318 sunt
441 2255 552 2336 voltae,
570 2277 649 2338 quae
673 2256 800 2317 fuerunt
822 2257 901 2317 Petri
924 2258 1025 2335 Dous,
1050 2273 1079 2317 et
1102 2274 1172 2338 post
1195 2258 1355 2318 revertitur
1378 2272 1457 2317 recte
1480 2276 1591 2318 versus

283 2346 445 2406 meridiem
461 2365 561 2426 usque
578 2347 615 2407 ad
633 2361 814 2422 cantonum,
825 2347 879 2426 qui
896 2364 940 2408 est
956 2348 993 2407 ad
1011 2366 1140 2407 manum
1158 2346 1312 2407 sinistram
1330 2347 1368 2407 de
1384 2344 1490 2423 tuella,
1507 2365 1591 2426 quae

282 2435 364 2496 vadit
387 2455 493 2496 versus
517 2435 547 2497 S.
565 2436 724 2496 Andream
741 2436 779 2496 de
795 2436 918 2513 Josafat,
943 2437 1056 2517 inquo
1074 2452 1209 2498 cantono
1225 2451 1299 2496 suut
1322 2435 1346 2496 ll
1363 2436 1488 2514 domus,
1508 2454 1591 2516 quae

283 2525 409 2586 fuerunt
431 2525 575 2586 Thomac
601 2526 698 2587 Dous.
738 2529 775 2585 Et
797 2524 875 2586 sicut
900 2525 949 2586 ille
973 2545 1083 2587 murus
1106 2525 1188 2586 vadit
1210 2525 1242 2586 in
1266 2524 1319 2586 illo
1343 2543 1441 2605 rengo
1457 2524 1591 2586 inferius

283 2634 383 2695 usque
400 2615 437 2674 ad
455 2614 621 2676 modulum
638 2631 667 2675 et
690 2613 729 2674 ita
752 2615 831 2675 sicut
853 2613 914 2675 itur
936 2615 969 2676 in
994 2616 1089 2676 modo
1114 2614 1258 2695 superius
1283 2614 1367 2675 dicto
1392 2614 1429 2674 ad
1456 2633 1590 2674 manum

283 2704 421 2765 dextram
443 2720 581 2765 remanet
602 2703 810 2766 Januensibus
827 2718 857 2764 et
872 2723 982 2765 omnes
999 2724 1093 2785 rugae
1117 2704 1229 2765 camini
1247 2702 1408 2764 darcenale
1424 2718 1454 2765 et
1470 2701 1591 2784 plateae

283 2809 312 2854 et
328 2808 434 2869 terrae,
452 2812 532 2872 quae
548 2791 723 2873 junguntur
744 2792 848 2853 divisis
871 2793 1014 2875 superius
1038 2794 1126 2855 dictis
1149 2808 1310 2854 remanent
1334 2793 1474 2854 dominu.
1509 2793 1591 2854 lntra

282 2902 356 2943 vero
373 2883 468 2943 dictas
485 2882 596 2943 divisas
613 2883 900 2944 communilanuae
918 2884 1086 2961 ecclesiam,
1104 2881 1262 2964 palatium,
1274 2882 1400 2962 logiam,
1412 2882 1544 2944 furnum
1561 2898 1591 2944 et

283 2971 339 3032 alia
356 2971 492 3032 aedificia
508 2973 547 3033 ad
563 2993 651 3033 suam
669 2973 859 3033 voluntatem
877 2973 1026 3053 usquein
1043 2973 1067 3033 ll
1084 2972 1214 3049 solariis,
1231 2991 1335 3052 neque
1355 2987 1461 3033 tamen
1477 2971 1588 3033 turrim

283 3061 345 3122 sive
362 3060 457 3140 aliud,
475 3062 561 3141 quod
579 3063 711 3142 pertinet
727 3063 765 3122 ad
784 3061 973 3140 fortalicium,
991 3062 1150 3123 aedificare
1166 3061 1246 3123 licet.
1273 3062 1403 3143 Insuper
1417 3061 1591 3122 Januenses

284 3149 487 3231 possidebunt
509 3150 667 3227 balneum,
691 3152 777 3231 quod
801 3149 876 3211 olim
901 3166 1080 3229 tenuerunt,
1104 3152 1152 3212 vel
1168 3151 1263 3228 aliud,
1281 3152 1367 3232 quod
1392 3151 1424 3211 in
1441 3170 1518 3230 ruga
1533 3170 1592 3211 sua

283 3238 519 3318 aedificaverint,
546 3260 670 3302 necnon
696 3240 729 3301 in
754 3241 862 3300 eadem
888 3261 963 3322 ruga
995 3242 1152 3302 cambium
1176 3240 1225 3301 vel
1250 3241 1369 3300 tabulas
1400 3239 1440 3301 lV
1465 3240 1590 3318 cambii,

283 3328 433 3389 dominus
449 3344 552 3389 autern
563 3330 639 3411 Tyri
657 3329 689 3391 in
705 3349 781 3410 ruga
792 3330 943 3391 antedicta
954 3331 1136 3407 cantarium,
1148 3329 1281 3407 buciam,
1294 3328 1436 3391 modium
1453 3344 1483 3390 et
1500 3349 1591 3390 men·

283 3437 369 3480 suras
385 3437 442 3499 pro
460 3419 664 3498 ponderando
682 3435 710 3480 et
726 3420 938 3481 mensurando
950 3420 1083 3480 habebit.
1109 3420 1194 3480 Idem
1210 3438 1283 3479 vero
1300 3417 1463 3480 communi
1480 3418 1591 3480 casalia

284 3507 314 3568 S.
332 3507 459 3587 Georgii
476 3523 506 3567 et
521 3508 684 3588 Laoraque
706 3528 829 3570 necnon
853 3528 1004 3588 magnum
1027 3508 1192 3587 jardinum,
1210 3509 1297 3589 quod
1320 3508 1378 3570 fuit
1400 3507 1536 3586 reginae,
1562 3522 1592 3569 et

284 3617 424 3678 parvum,
436 3598 523 3676 quod
533 3612 579 3658 est
588 3600 697 3659 subtus
714 3597 884 3677 castellum,
897 3597 1124 3677 molendinum,
1136 3598 1222 3679 quod
1239 3612 1332 3670 tenet,
1350 3613 1380 3658 et
1396 3597 1591 3676 hereditates,

284 3706 361 3767 quas
392 3687 494 3747 adhuc
525 3687 642 3766 habuit,
675 3686 847 3763 confirmat,
879 3689 933 3748 sed
964 3680 1062 3769 prope
1094 3707 1202 3767 rugam
1234 3686 1438 3748 Januensium
1469 3685 1592 3748 tabulas

284 3776 308 3837 ll
325 3775 486 3836 bochariae
504 3777 614 3837 retinet
631 3792 660 3837 et
677 3776 843 3855 constituit,
867 3796 905 3838 ne
922 3778 1067 3839 bocharia
1084 3792 1114 3839 et
1131 3776 1256 3858 piscaria
1273 3793 1399 3838 utantur
1416 3775 1474 3836 nisi
1492 3776 1591 3858 ipsius

284 3884 449 3926 consensu.
474 3865 644 3927 Januenses
660 3886 734 3926 vero
751 3866 946 3946 pollicentur,
958 3888 989 3927 se
1001 3867 1117 3928 dictum
1129 3867 1296 3927 dominum
1307 3864 1436 3945 ejusque
1447 3865 1590 3942 heredes,

284 3954 433 4015 civitatem
451 3975 484 4014 ac
501 3969 626 4035 portum
644 3955 827 4016 defensuros
848 3976 924 4032 esse,
949 3973 977 4016 et
996 3957 1155 4037 Philippus
1172 3955 1345 4034 confirmat,
1369 3975 1401 4015 se
1417 3954 1591 4016 Januenses

283 4043 359 4124 Tyri
384 4044 567 4104 constitutos
591 4065 624 4105 ac
647 4064 811 4106 mansuros
835 4064 1009 4126 eorumque
1033 4045 1190 4126 privilegia
1214 4065 1248 4105 ac
1271 4065 1318 4105 res
1343 4044 1374 4104 in
1398 4044 1505 4120 modo,
1523 4062 1591 4125 quo

284 4132 431 4193 dividitur
448 4133 480 4194 in
498 4133 557 4194 hoc
573 4134 697 4217 scriptO,
716 4149 875 4215 protegere
892 4134 969 4195 velle
986 4134 1075 4195 salvis
1093 4154 1203 4196 eorum
1226 4133 1362 4194 dominis
1387 4131 1501 4193 scilicet
1518 4153 1591 4212 rege

284 4221 440 4300 Franciae,
464 4223 575 4283 comite
600 4225 637 4285 de
662 4223 841 4285 Monteforti
859 4238 888 4284 et
905 4224 1036 4285 domino
1059 4224 1146 4303 regni
1169 4222 1455 4304 Hierosolymitani.
1472 4255 1518 4265 —
1535 4223 1591 4285 ldo

284 4311 459 4385 Lercarius;
484 4313 627 4391 magister
649 4311 794 4374 Albertus
817 4313 855 4373 de
878 4312 989 4392 Casali,
1012 4313 1198 4374 Banduinus
1223 4314 1261 4373 de
1285 4310 1387 4389 Salvo,
1413 4312 1534 4392 Symon
1551 4312 1592 4373 de

285 4401 425 4463 Pomaria
451 4417 480 4462 et
505 4402 636 4464 Jacobus
663 4402 802 4463 Fontana
828 4403 947 4464 notarii.
982 4402 1169 4464 Guilielmus
1192 4401 1362 4479 Paiarinus,
1386 4400 1462 4461 sacri
1486 4400 1590 4481 palatii

284 4491 433 4570 notarius,
451 4490 571 4573 scripsit
587 4492 744 4568 (Archives
762 4492 800 4552 de
817 4491 950 4552 l'Orient
965 4490 1040 4552 latin
1057 4492 1082 4552 ll
1090 4493 1123 4571 B,
1141 4511 1172 4573 p.
1192 4511 1251 4571 225
1263 4524 1306 4535 -
1317 4509 1389 4571 230,
1407 4491 1467 4552 Νο.
1485 4509 1524 4570 4;
1551 4491 1590 4552 cf.

284 4580 422 4658 Olivieri,
439 4599 469 4662 p.
488 4581 661 4658 60—61‚s
682 4601 714 4661 53
740 4581 828 4642 Serra
845 4581 894 4659 lV,
911 4601 941 4663 p.
965 4583 1040 4661 146;
1066 4581 1158 4662 Heyd
1176 4581 1196 4658 l,
1214 4601 1244 4663 p.
1264 4581 1347 4661 352).
1499 4577 1587 4639 1331

333 4702 423 4764 1264
441 4703 512 4781 Maj.
526 4725 577 4785 25.
598 4707 693 4787 Apud
709 4707 827 4769 Urbem
845 4706 998 4768 Veterem.
1014 4740 1058 4750 —
1075 4707 1221 4769 Urbanus
1238 4706 1278 4768 lV
1295 4705 1488 4785 (Guillelm0,
1507 4705 1592 4769 fratri

286 4795 469 4872 Minorum),
487 4795 634 4876 episcopo
650 4796 864 4874 Anteradeusi,
888 4794 977 4874 cujus
1001 4813 1208 4858 antecessores
1230 4795 1356 4878 Templi
1373 4810 1403 4856 et
1419 4795 1593 4877 Hospitalis

286 4884 437 4964 magistris
462 4884 591 4965 aliisque
616 4884 732 4948 clericis
757 4886 907 4966 religiosis
933 4902 961 4947 et
985 4885 1175 4948 secularibus
1200 4901 1317 4967 partem
1343 4885 1537 4947 decimarum
1563 4903 1593 4949 et
