3398 5400
273 364 332 424 ¹40
832 338 1008 410 Regesta

267 558 380 636 Rufus,
406 556 580 619 Amalricus
604 558 641 618 de
665 557 801 633 Franliu,
827 557 1003 640 Stephanus
1026 560 1226 638 AmmIratus,
1251 559 1389 638 Urricus,
1415 560 1571 623 arnaldus

267 649 306 710 de
323 646 501 725 Suessione,
519 647 672 708 Radulfus
689 648 726 708 de
742 646 830 726 Nela,
849 647 1046 711 Raimundus
1063 650 1101 711 de
1117 648 1244 727 Tolosa,
1263 650 1370 710 Petms
1385 650 1423 710 de
1435 651 1571 729 Moneta,

268 736 447 798 Rannulfus
458 736 582 815 Bannir,
598 737 728 798 Pontius
739 737 912 815 Martanus,
924 738 1123 801 Raimundus
1134 739 1307 816 Martanus,
1320 739 1464 801 Albertus
1474 739 1570 801 Sella·

267 827 341 904 rIus,
359 825 432 887 Odo
443 827 481 886 de
492 826 582 905 Bugi,
599 826 755 887 Iohannes
771 826 927 909 Princeps.
956 828 1070 889 Datum
1087 849 1142 910 per
1158 847 1288 890 manum
1300 828 1388 907 PetrI,
1399 830 1479 909 regis
1489 829 1571 890 vice-

267 915 437 977 cancellarii
454 915 548 991 (Paoli
565 916 587 989 1,
605 935 634 997 p.
655 916 839 996 245-246,
856 916 916 977 No.
936 937 1015 997 2033
1034 918 1071 979 cf.
1089 938 1118 1000 p.
1142 919 1224 998 547).
1500 915 1570 978 525

315 1018 405 1081 1175
420 1024 502 1100 Iun,
520 1022 582 1083 ind.
593 1021 667 1083 VIII.
686 1022 828 1083 Rivoahi.
845 1056 889 1065 -
906 1023 1103 1084 Sebastianus
1118 1024 1216 1101 Ziani,
1233 1023 1479 1085 Venetianorum
1495 1024 1570 1104 dux,

267 1131 321 1193 per
337 1130 467 1172 manum
483 1111 631 1193 Stephani
647 1112 776 1190 Barocii,
794 1112 1001 1193 procuratoris
1017 1113 1120 1194 operis
1135 1112 1164 1174 S.
1179 1113 1273 1174 Marci
1283 1113 1453 1194 Tyriensis,
1468 1113 1571 1175 eidem

267 1200 410 1262 ecclesiae
426 1199 623 1282 privilequm
640 1200 746 1263 Vitalis
757 1201 917 1263 Michaelis
928 1202 1015 1263 ducis
1025 1202 1188 1264 confirmat
1197 1218 1227 1263 et
1235 1202 1354 1264 tertiam
1365 1202 1442 1284 Tyri
1453 1218 1571 1284 partem

266 1289 299 1351 in
317 1291 343 1352 V
360 1310 460 1351 annos
476 1290 609 1372 exceptis
626 1307 728 1352 tamen
746 1291 802 1370 his,
818 1311 898 1372 quae
911 1313 928 1352 a
941 1292 1174 1374 praedecessore
1186 1292 1264 1353 duce
1275 1311 1422 1353 concessa
1432 1292 1570 1371 suerunt,

266 1380 406 1441 videlicet
428 1399 514 1459 ruga,
538 1398 618 1460 quae
641 1395 698 1441 stat
720 1381 758 1441 ad
782 1380 943 1443 introitum
969 1397 1074 1462 portae
1098 1380 1180 1460 juxta
1203 1396 1329 1463 portum
1354 1381 1529 1443 revolvente
1553 1403 1569 1442 a

266 1468 358 1532 latere
380 1468 504 1531 sinistro
527 1471 565 1529 ab
588 1489 654 1531 uno
674 1485 702 1531 et
721 1472 759 1531 ab
777 1470 838 1532 alio
855 1469 947 1532 latere
964 1489 1064 1551 usque
1082 1471 1119 1531 ad
1136 1490 1245 1550 rugam
1262 1470 1292 1532 S.
1312 1471 1407 1532 Marci
1424 1487 1453 1532 et
1469 1491 1570 1551 usque

265 1559 303 1620 ad
320 1575 438 1640 partem
453 1558 543 1638 regis,
560 1574 590 1619 et
606 1558 739 1641 exceptis
755 1560 839 1622 CCC
851 1559 997 1637 bisantiis,
1015 1579 1094 1641 quae
1105 1560 1138 1621 iu
1149 1560 1199 1621 illa
1209 1560 1417 1638 continentur,
1436 1560 1569 1641 exceptis

266 1666 332 1710 uno
355 1648 394 1710 de
418 1648 600 1710 melioribus
623 1649 823 1727 molendinis,
848 1649 872 1711 II
895 1649 1046 1711 casalibus
1063 1665 1092 1711 et
1108 1669 1173 1711 uno
1191 1650 1229 1711 de
1246 1650 1427 1711 melioribus
1443 1648 1571 1729 jardinis

265 1753 295 1798 et
311 1737 444 1819 exceptis
460 1738 519 1817 his,
536 1756 616 1818 quae
633 1757 777 1800 concessa
793 1755 866 1800 sunt
882 1739 1073 1821 episcopatui
1089 1740 1192 1820 Equili
1210 1755 1240 1800 et
1255 1739 1452 1801 Torcellano.
1479 1739 1569 1801 Prae-

265 1844 345 1889 terea
362 1827 504 1889 concedit
519 1828 659 1889 redditus
675 1829 713 1890 de
723 1845 815 1910 portu
827 1844 855 1890 et
866 1829 993 1890 introitu
1004 1844 1174 1910 portarum,
1192 1829 1370 1910 platearum,
1386 1829 1424 1890 de
1436 1829 1569 1907 fonticis,

266 1916 394 1996 balneis,
418 1916 527 1995 furnis,
550 1918 676 1995 stateris,
700 1918 785 1979 rubis
808 1934 837 1979 et
860 1918 1014 1979 mensuris
1031 1918 1094 1979 vini
1111 1934 1141 1979 et
1157 1919 1229 1997 olei,
1252 1919 1291 1980 de
1308 1918 1507 1996 molendinis,
1531 1918 1570 1980 de

265 2006 344 2067 vitro
360 2022 389 2067 et
405 2007 480 2084 aliis,
504 2006 682 2088 praesertim
707 2026 807 2086 quum
824 2008 862 2068 ad
878 2007 1118 2069 subventionem
1135 2008 1328 2070 Venetorum
1345 2009 1383 2068 de
1399 2008 1570 2090 captIvitate

266 2095 458 2177 imperatoris
474 2096 813 2178 Constantinopolitani
836 2097 1034 2158 liberatorum
1056 2112 1086 2158 et
1101 2117 1174 2158 cum
1191 2117 1268 2158 nave
1285 2097 1421 2159 Romani
1440 2097 1570 2159 MaIrani

266 2189 425 2246 Acconem
449 2184 654 2266 appulsorum
674 2186 711 2246 de
728 2187 861 2268 pecunia
877 2187 980 2267 operis
997 2186 1027 2248 S.
1047 2187 1141 2248 Marci
1160 2187 1222 2248 MD
1240 2186 1361 2248 bisantii
1378 2187 1438 2249 dati
1456 2187 1571 2249 fuerint

266 2274 522 2351 (Tafel-Thomas
538 2275 559 2353 I,
576 2294 607 2356 p.
631 2276 811 2353 167-171,
828 2276 889 2337 No.
908 2277 966 2355 633
984 2276 1022 2337 cf.
1039 2296 1133 2358 supra
1148 2277 1209 2338 No.
1227 2277 1312 2356 402).
1499 2274 1571 2336 526

348 2427 367 2458 „
413 2381 471 2443 Jul.
496 2402 543 2458 17,
568 2381 630 2442 ind.
649 2381 725 2462 VIII,
750 2401 892 2444 concurr.
911 2382 946 2461 II,
970 2399 1066 2464 epact.
1083 2383 1193 2462 XXVI,
1213 2383 1288 2444 luna
1304 2382 1413 2444 IIXVI.
1437 2381 1569 2464 Tripoli.

265 2472 489 2551 -Postquam
506 2470 722 2550 Alemandina,
740 2491 819 2532 uxor
835 2473 996 2552 quondam
1008 2472 1153 2533 Rollandi
1165 2473 1203 2534 de
1214 2472 1243 2534 S.
1256 2473 1443 2549 Muntando,
1460 2472 1571 2533 obiens

266 2575 449 2623 testamento
467 2560 495 2621 X
512 2560 659 2622 bisantios
675 2561 825 2621 annuales
835 2561 873 2622 de
883 2561 1049 2623 hereditate
1061 2581 1115 2622 sua
1126 2561 1323 2644 accipiendos
1334 2562 1442 2622 domui
1454 2561 1571 2643 Hospi-

266 2650 332 2711 talis
355 2649 480 2728 dImisit,
497 2650 665 2729 Iohannes,
688 2651 859 2712 vicecomes
878 2650 1091 2732 TrIpolitanus
1106 2652 1135 2729 ¹),
1158 2651 1287 2732 ejusque
1311 2671 1389 2712 uxor
1413 2651 1570 2729 Wilelma,

266 2739 328 2800 lilia
345 2738 441 2800 dictae
459 2739 694 2819 Alemandinae,
719 2740 756 2801 ad
773 2759 868 2820 quam
886 2740 940 2801 ista
956 2740 1108 2802 hereditas
1124 2741 1256 2822 pertinet
1272 2755 1301 2801 et
1317 2756 1387 2822 post
1403 2740 1572 2802 domiuum

267 2829 465 2890 Rostandum
488 2830 596 2890 reverti
620 2830 719 2908 debet,
744 2829 940 2910 praelibatam
964 2831 1177 2911 elemosynam
1198 2829 1300 2911 sigillo
1317 2829 1511 2893 confirmant.
1528 2864 1572 2873 —

266 2917 395 2979 Pontius
409 2919 446 2979 de
458 2918 573 2997 Sura,²)
591 2919 788 2980 RaImundus
799 2919 837 2979 de
849 2918 937 2997 Sura,
955 2920 1105 2982 dominus
1115 2919 1274 2998 Saissus,³l
1291 2919 1470 2980 Willelmus
1480 2919 1571 2981 Cata-

265 3008 338 3085 lani,
362 3007 525 3069 Rolandus
542 3008 655 3069 Dauria
667 3008 701 3087 ⁴),
725 3008 855 3069 Pontius
871 3009 943 3087 Bos,
969 3009 1147 3070 Willelmus
1164 3010 1202 3070 de
1218 3008 1370 3088 Bezlonls,
1391 3007 1572 3069 Willelmus

267 3097 304 3158 de
321 3096 521 3175 Antiochia⁵l
555 3097 718 3159 Traditum
741 3112 786 3159 est
809 3117 863 3179 per
886 3117 1016 3160 manum
1034 3100 1172 3159 Arnaudi
1190 3098 1368 3176 Lombardi,
1392 3113 1467 3160 tunc
1483 3117 1571 3179 prae-

266 3186 397 3267 ceptoris
408 3186 578 3268 Hospitalis
589 3187 706 3249 Montis
717 3187 887 3269 Peregrini,
900 3188 1087 3270 Stephanus,
1095 3190 1238 3250 sacerdos
1244 3188 1440 3266 vicecomitis,
1450 3187 1573 3269 scripsit

266 3275 424 3443 &clavile
441 3276 468 3337 le
486 3277 599 3355 Roulx,
618 3295 648 3357 p.
672 3277 930 3356 122-123,No.
950 3278 990 3357 36
1009 3274 1057 3357 [cf.
1075 3297 1105 3359 p.
1130 3275 1193 3357 19];
1218 3278 1320 3356 Prutz,
1337 3297 1367 3358 p.
1392 3278 1573 3425 ror-1337,

297 3386 326 3426 0.
346 3385 406 3445 32.

341 3470 361 3536 ¹)
375 3465 463 3540 Cujus
477 3465 600 3539 sigillum
613 3466 709 3522 videas
722 3467 752 3522 in
765 3465 864 3523 Musae
880 3465 1003 3523 archdol.
1018 3467 1050 3538 II,
1063 3485 1090 3539 p.
1105 3486 1188 3549 320-
1194 3486 1255 3540 321,
1272 3468 1327 3522 No.
1346 3486 1384 3537 19.
1459 3469 1482 3535 ²)
1495 3465 1573 3521 Alias

265 3537 401 3606 Sui(u)ra.
494 3543 517 3605 ⁸)
530 3538 607 3593 Alias
621 3538 737 3608 Saisius,
750 3538 859 3595 Saxius.
952 3541 976 3608 ⁴)
993 3541 1036 3594 De
1050 3541 1145 3595 Auria.
1195 3577 1198 3581 -
1238 3543 1260 3605 ⁶)
1274 3540 1318 3594 De
1332 3556 1367 3594 eo
1382 3537 1417 3594 ef.
1431 3537 1500 3593 Lois
1514 3540 1572 3607 (ed.

265 3611 413 3683 Beugnot)
427 3610 446 3680 I,
460 3627 487 3682 p.
500 3629 561 3683 425·

347 3769 365 3800 „
412 3729 506 3803 Aug,
523 3723 587 3786 ind.
602 3724 678 3785 VIII.
689 3758 733 3767 -
744 3725 926 3799 hmalricus,
945 3724 1113 3806 patriarcha
1129 3723 1443 3804 Hierosolymitanus,
1461 3724 1572 3785 domui

266 3813 434 3895 Hospitalis
456 3813 599 3894 precibus
615 3813 745 3875 Josberti
767 3814 901 3894 magistri
919 3829 948 3875 et
964 3813 1072 3876 Garini
1088 3813 1294 3895 praeceptoris
1311 3831 1451 3890 censum,
1476 3831 1573 3893 quem

266 3903 396 3964 habebat
416 3903 453 3964 de
474 3903 582 3981 domo,
606 3922 686 3984 quae
704 3903 761 3965 fuit
776 3904 902 3965 Roberti
919 3904 957 3964 de
975 3902 1131 3982 Belgenci,
1155 3904 1251 3963 donat
1266 3918 1296 3963 et
1311 3902 1412 3981 sigillo
1429 3902 1573 3983 apposito

266 3991 417 4070 concedit,
437 4008 470 4053 ut
486 3992 511 4052 si
529 3992 675 4074 praedicti
694 3993 797 4054 fratres
814 3992 926 4054 dictam
943 3993 1076 4054 domum
1093 4008 1122 4053 et
1138 3993 1251 4054 domos
1268 3991 1418 4053 Willelmi
1436 3992 1571 4071 Patroni,

265 4081 433 4142 abbatissae
451 4082 481 4144 S.
499 4082 615 4162 Lazari,
637 4082 716 4143 Petri
733 4082 851 4144 Sellarii
867 4099 897 4143 et
912 4081 1036 4143 Parsani
1053 4081 1154 4163 adepti
1172 4081 1296 4160 fuerint,
1314 4100 1394 4162 quae
1411 4100 1523 4142 omnes
1540 4081 1573 4142 iu

265 4169 334 4232 vico
356 4171 430 4232 sitae
453 4187 526 4232 sunt
549 4193 566 4233 a
588 4188 676 4253 porta
693 4172 791 4233 David
815 4172 1033 4251 descendente,
1057 4169 1193 4232 aedificia
1213 4186 1392 4232 constmere
1408 4169 1505 4231 liceat.
1539 4171 1574 4232 In

265 4261 587 4343 recompensationem
598 4262 792 4323 veroadicto
803 4260 948 4340 magistro
958 4260 1129 4322 Amalricus
1138 4259 1571 4342 patriarchacensumaccipit,

266 4368 362 4430 quem
379 4350 484 4411 fratres
501 4351 654 4412 habebant
671 4352 709 4412 de
725 4350 873 4412 domibus
886 4350 1008 4412 Odonis
1025 4351 1063 4411 de
1079 4348 1193 4411 Barulo
1210 4366 1239 4411 et
1255 4349 1382 4411 Henrici
1393 4349 1571 4429 Alemanni,

266 4459 346 4519 quae
374 4440 537 4520 contiguae
562 4456 636 4501 sunt
660 4440 739 4516 vico,
764 4440 819 4520 qui
845 4440 930 4501 ducit
953 4441 991 4501 ad
1015 4455 1135 4522 portam
1153 4440 1183 4501 S.
1202 4439 1350 4521 Stephani
1367 4440 1399 4500 In
1416 4439 1573 4518 quarterio

266 4529 463 4611 patriarchae,
481 4544 511 4591 et
527 4530 642 4591 habent
658 4550 675 4591 a
691 4529 902 4611 septentrione
919 4530 1031 4592 domos
1047 4529 1086 4590 de
1103 4548 1198 4590 censu
1216 4529 1393 4612 Hospitalis,
1410 4549 1426 4589 a
1444 4527 1573 4590 meridie

267 4638 342 4680 vero
365 4618 585 4699 contiguantur
601 4619 725 4680 cuidam
742 4619 851 4696 voltae,
876 4639 955 4699 quae
973 4636 1016 4681 est
1032 4619 1071 4680 de
1088 4638 1182 4680 censu
1200 4618 1368 4700 Hospitalis
1385 4634 1414 4679 et
1430 4637 1525 4699 super
1540 4638 1573 4679 se

267 4709 357 4769 habet
368 4708 498 4769 domum
510 4707 674 4787 cujusdam
685 4708 818 4770 SurianI.
837 4709 966 4790 Insuper
976 4708 1084 4791 accipit
1094 4728 1222 4769 censum
1233 4707 1265 4769 in
1277 4709 1406 4769 statione
1418 4707 1574 4768 Lamberti

267 4797 466 4875 Patriarchae,
483 4816 579 4878 quam
595 4798 628 4859 in
644 4799 712 4859 vico
722 4799 974 4878 Coquinatorum
985 4798 1073 4859 sitam
1085 4797 1226 4859 canonici
1237 4797 1267 4859 S.
1280 4797 1419 4878 Sepulcri
1431 4796 1573 4858 fratribus

265 4886 298 4948 in
315 4887 533 4950 concambium
549 4903 646 4949 terrae
663 4906 776 4951 vacuae
793 4887 945 4949 dederunt
960 4902 1030 4953 ante
1047 4902 1169 4970 portam
1186 4886 1217 4948 S.
1229 4887 1367 4949 Helenae
1382 4885 1467 4966 sitae,
1484 4905 1573 4968 prae-
