3398 5400
287 371 348 430 292
851 346 1026 417 Regesta

285 584 488 662 Venetorum,
512 603 618 644 versus
641 582 883 665 septentrionem
908 583 941 643 in
963 603 1056 645 muro
1079 583 1217 661 civitatis,
1241 584 1296 664 qui
1319 599 1364 645 est
1386 582 1469 663 juxta
1494 604 1591 661 mare,

284 693 390 734 versus
401 673 583 734 austrumin
594 674 690 734 domo
701 673 838 751 Nicolae,
854 691 950 753 qnam
966 674 1041 734 emit
1050 674 1182 735 lacobus
1198 673 1367 752 Barocius),
1384 673 1462 735 alius
1479 673 1593 736 lurnus

284 777 481 824 terraemotu
493 762 666 824 destructus
678 761 854 843 (quifirmat
869 763 901 822 in
918 763 1071 823 orientem
1089 763 1179 824 invia
1196 762 1329 844 publica,
1347 764 1379 823 in
1395 763 1592 824 occidentem

283 852 317 912 in
334 853 441 928 domn,
459 872 538 933 quae
562 851 619 913 fuit
641 851 814 933 Turcopoli
838 851 966 913 nomine
989 852 1146 931 Balmene,
1171 851 1203 912 in
1226 852 1469 933 septentrionem
1494 853 1592 914 invia

284 941 416 1022 publica,
433 941 465 1001 in
481 956 621 1003 austrum
639 940 671 1002 in
688 941 784 1002 domo
796 989 803 1002 .
817 989 823 1002 .
836 988 843 1002 .
857 941 884 1019 .)‚
901 942 1016 1002 domus
1033 961 1124 1022 parva
1139 961 1212 1002 cum
1223 941 1246 1002 ll
1257 941 1347 1002 voltis
1358 957 1387 1002 et
1397 942 1489 1003 curiis
1501 943 1592 1023 (quae

284 1031 408 1092 devenit
432 1031 592 1092 communi
608 1051 625 1091 a
642 1032 780 1111 quodam
796 1029 982 1111 Turcopulo
1002 1031 1149 1092 Balmene
1166 1031 1232 1091 sine
1256 1031 1387 1092 haerede
1410 1046 1537 1093 mortuo
1562 1047 1593 1092 et

284 1119 384 1181 firmat
400 1121 433 1181 in
449 1120 602 1182 orientem
619 1120 651 1181 in
669 1120 763 1181 furno
780 1119 958 1181 communis
975 1121 1142 1199 destructo,
1160 1120 1192 1181 in
1209 1121 1403 1181 occidentem
1420 1137 1449 1181 et
1465 1136 1590 1202 septen-

284 1210 419 1272 trionem
435 1209 468 1270 in
484 1210 540 1270 viis
563 1209 715 1291 publicis),
741 1210 822 1290 petia
837 1211 992 1290 quaedam
1009 1209 1136 1270 civitatis
1152 1209 1185 1270 in
1200 1210 1282 1286 loc0,
1299 1210 1354 1290 qui
1371 1209 1483 1271 dicitur
1498 1211 1592 1271 Bara-

284 1319 371 1379 gesse
387 1299 442 1359 sita
459 1299 549 1378 <quae
560 1298 661 1359 firmat
676 1320 693 1359 a
709 1300 807 1360 tribus
823 1299 969 1360 lateribus
986 1298 1019 1359 in
1035 1298 1091 1359 viis
1108 1299 1250 1380 publicis,
1268 1299 1301 1359 in
1317 1315 1457 1360 austrum
1468 1300 1592 1361 interra

283 1387 409 1470 Templi
426 1408 533 1467 vacua,
551 1405 581 1449 et
596 1389 696 1449 vicina
720 1405 764 1449 est
786 1389 918 1469 petiolae
935 1403 1042 1467 terrae,
1060 1408 1154 1469 quarn
1172 1387 1246 1449 emit
1263 1388 1417 1449 Marsilius
1434 1388 1592 1468 Georgius

284 1476 427 1557 bajulus),
446 1497 558 1539 census
574 1477 714 1539 stationis
731 1479 836 1558 (quam
847 1477 988 1538 Thomas
1004 1477 1103 1539 Dulce
1121 1479 1212 1538 habet
1229 1478 1261 1538 in
1278 1496 1353 1557 ruga
1370 1478 1400 1539 S.
1414 1477 1544 1555 Nicolai)
1562 1494 1592 1539 et

284 1568 399 1629 domus
410 1565 500 1648 (quae
512 1567 570 1628 fuit
586 1566 640 1627 filii
651 1566 741 1628 Helel
757 1567 824 1628 sine
841 1566 972 1627 haerede
991 1567 1106 1628 mortui
1124 1568 1201 1627 etin
1219 1566 1331 1626 solario
1348 1568 1402 1627 sita
1419 1568 1484 1646 est),
1502 1587 1592 1649 prae-

283 1671 365 1717 terea
382 1657 462 1738 petia
479 1676 592 1736 magna
608 1671 704 1717 terrae
721 1657 753 1717 in
771 1671 907 1717 contrata
924 1657 1083 1736 Baragese,
1107 1656 1160 1717 uhi
1184 1658 1350 1717 trahuntur
1373 1676 1465 1718 naves
1489 1676 1592 1737 quan-

284 1745 389 1826 doque
401 1745 491 1825 (quae
501 1745 602 1806 firmat
617 1746 649 1807 in
666 1746 817 1807 orientem
835 1745 867 1806 in
884 1761 976 1827 portu
994 1745 1130 1823 civitatis,
1150 1744 1181 1806 in
1198 1745 1391 1806 occidentem
1409 1746 1441 1807 in
1459 1765 1520 1807 una
1531 1747 1591 1825 via,

283 1855 362 1916 quae
386 1852 431 1896 est
452 1834 531 1896 inter
554 1835 666 1895 dictam
688 1835 801 1916 petiam
817 1851 913 1896 terrae
930 1851 959 1895 et
975 1835 1086 1896 domos
1102 1834 1268 1895 Thomasii
1285 1835 1384 1896 Dulce
1401 1851 1431 1896 et
1446 1836 1592 1896 Andreae

283 1924 438 2003 Galafarii,
460 1925 492 1985 in
508 1925 751 2005 septentrionem
767 1924 799 1984 in
816 1924 873 2003 via,
890 1944 969 2005 qnae
993 1939 1037 1985 est
1060 1925 1139 1985 inter
1162 1925 1275 1984 dictam
1299 1923 1414 2006 petiam
1439 1939 1537 1985 terrae
1562 1940 1592 1985 et

284 2011 424 2093 arsena[l)
442 2013 532 2093 regis,
557 2014 589 2074 in
605 2028 745 2075 austrum
769 2014 882 2089 invia,
907 2032 987 2094 quae
1011 2030 1055 2074 est
1079 2013 1294 2074 interdictam
1319 2014 1431 2094 petiam
1448 2028 1545 2075 terrae
1562 2029 1592 2075 et

285 2103 398 2164 domos
413 2103 442 2163 T
444 2103 557 2164 homae
574 2102 693 2181 Dulce),
711 2123 835 2182 census,
854 2123 949 2184 quem
974 2122 1142 2163 commune
1158 2104 1265 2184 recipit
1280 2103 1313 2163 in
1330 2103 1463 2165 fondaco
1480 2103 1557 2185 Tyri
1574 2124 1592 2163 a

283 2192 403 2253 vicariis
419 2193 499 2273 regis
523 2193 639 2273 (quern,
657 2209 691 2253 ut
707 2192 823 2270 dicunt,
848 2211 905 2273 pro
923 2192 1044 2253 cambio
1060 2193 1238 2253 savonariae
1255 2208 1284 2253 et
1300 2193 1447 2253 tentoriae
1463 2192 1591 2274 accepit,

284 2282 338 2343 sed
355 2282 704 2343 DominicusAcotanto
721 2283 796 2343 olim
813 2279 935 2360 bajulus
952 2282 1045 2342 minis
1062 2281 1206 2358 extorsit),
1224 2282 1360 2363 denique
1377 2282 1491 2344 domus
1501 2281 1592 2361 quasi

284 2371 376 2433 turris
393 2371 483 2452 (quae
500 2371 702 2453 superviam,
720 2391 781 2452 qua
798 2371 912 2432 iturad
934 2386 1084 2449 catenam,
1108 2371 1173 2448 sita,
1198 2372 1252 2431 sed
1275 2390 1361 2432 nunc
1382 2387 1477 2432 terrae
1501 2386 1592 2432 motu

283 2461 437 2522 destructa
445 2476 499 2541 est,
508 2476 537 2522 et
547 2460 605 2522 fuit
614 2461 764 2522 Johannis
775 2459 929 2522 Garabelli
940 2461 1007 2521 sine
1019 2461 1132 2521 herede
1143 2460 1269 2521 mortui.
1286 2461 1394 2521 Extra
1404 2461 1592 2521 civitatem

283 2550 360 2632 Tyri
377 2549 565 2611 communi
586 2566 675 2612 sunt:
706 2572 729 2613 1.
746 2569 863 2611 masera
880 2550 952 2630 (qua
968 2548 1100 2611 efficitur
1117 2549 1308 2628 zucharum),
1334 2569 1362 2610 2.
1381 2569 1492 2629 magna
1509 2550 1593 2630 petia

285 2655 383 2700 terrae
400 2639 432 2699 in
449 2639 556 2718 fond0‚
579 2641 633 2701 ubi
650 2639 827 2720 plantantur
850 2638 1036 2700 canamellae
1060 2658 1195 2700 maserae
1219 2639 1318 2699 vicina
1342 2640 1431 2719 (quae
1448 2638 1594 2718 irrigatur

285 2749 321 2790 ex
337 2748 418 2809 aqua
435 2728 538 2806 fontis,
563 2729 652 2808 cujus
674 2729 760 2790 tertia
783 2749 852 2811 pars
873 2728 1035 2789 communi
1052 2741 1098 2789 est
1113 2744 1142 2788 et
1157 2729 1329 2789 custoditur
1344 2750 1362 2789 a
1377 2728 1453 2807 viro,
1471 2728 1520 2790 cui
1536 2729 1592 2789 ad-

284 2817 386 2898 jungit
401 2837 454 2879 rex
471 2817 494 2878 ll
511 2818 597 2898 alios,
622 2834 652 2879 et
674 2817 774 2880 firmat
797 2819 829 2879 in
852 2818 1003 2879 orientem
1027 2837 1064 2878 ex
1086 2833 1152 2878 toto
1175 2818 1208 2879 in
1231 2818 1389 2879 conductu
1410 2817 1464 2879 illo
1480 2837 1591 2898 aquae,

284 2927 392 2969 versus
408 2907 603 2969 occidentem
620 2907 653 2969 in
668 2909 746 2969 mari
763 2924 791 2969 et
807 2908 907 2969 littore
931 2907 1023 2968 maris
1047 2927 1103 2988 pro
1127 2922 1211 2988 parte
1228 2923 1257 2968 et
1272 2927 1329 2989 pro
1346 2923 1430 2988 parte
1451 2908 1484 2968 in
1499 2922 1590 2986 terra,

284 3016 380 3077 quarn
392 2997 507 3059 habent
517 2997 647 3058 feudum
658 2998 836 3059 communis
846 2996 1009 3057 Rolandus
1020 2996 1188 3058 Contareni
1200 3011 1229 3057 et
1239 2996 1427 3058 Guilielmus
1437 2997 1591 3076 Jordanis,

284 3106 391 3148 versus
401 3086 646 3168 septentrionem
663 3088 695 3148 in
705 3103 815 3147 terram
827 3086 916 3165 regis,
927 3106 944 3145 a
955 3105 1018 3166 qua
1028 3084 1200 3165 sejungitur
1209 3085 1322 3165 rivulo,
1333 3106 1439 3147 versus
1449 3102 1591 3147 austrum

285 3175 318 3237 in
335 3191 445 3237 terram
457 3176 671 3256 Januensium,
687 3177 788 3237 rivulo
805 3176 1027 3251 intercedente;
1046 3190 1075 3236 et
1091 3192 1217 3236 vocatur
1227 3177 1360 3255 Caruge,
1372 3195 1467 3256 quam
1480 3176 1592 3237 Veneti

284 3284 359 3326 vero
374 3281 486 3327 vocant
502 3267 628 3344 Masos),
663 3287 689 3346 3.
707 3286 742 3327 ex
766 3265 823 3326 alia
846 3281 930 3346 parte
954 3265 1129 3326 conductus
1152 3266 1233 3345 petia
1255 3281 1350 3326 terrae
1374 3265 1462 3346 (quae
1485 3263 1591 3326 indie

284 3374 348 3416 una
364 3355 490 3435 paribus
506 3357 604 3416 boum
621 3356 658 3416 lll
675 3357 830 3416 laboratur
846 3371 875 3415 et
890 3353 990 3414 firmat
1004 3374 1110 3415 versus
1126 3354 1290 3431 orientem,
1301 3354 1545 3436 septentrionem
1561 3370 1592 3415 et

284 3459 424 3505 austrum
441 3444 578 3523 interra,
595 3465 675 3526 quae
693 3461 736 3506 est
753 3443 870 3506 Montis
895 3443 981 3522 Sion,
1004 3463 1111 3505 versus
1135 3444 1328 3505 occidentem
1351 3444 1384 3504 in
1406 3443 1488 3506 dicto
1513 3462 1591 3504 con-

284 3534 403 3612 ductu),
420 3554 451 3615 4.
469 3534 526 3595 alia
543 3534 622 3616 petia
639 3548 734 3594 terrae
750 3533 899 3595 Bellemet
914 3550 1019 3593 vocata
1043 3532 1132 3612 <quae
1149 3532 1249 3593 firmat
1265 3553 1372 3594 versus
1388 3534 1540 3594 orientem
1557 3533 1591 3594 in

283 3637 361 3684 terra
372 3623 477 3685 casalis
484 3622 644 3701 Thalabie,
655 3623 775 3685 domini
787 3623 943 3705 Sydoniae
954 3622 1081 3704 proprii,
1090 3642 1196 3684 versus
1207 3623 1398 3684 occidentem
1410 3637 1440 3683 et
1449 3638 1591 3684 austrum

285 3711 317 3773 in
334 3713 446 3791 rivulo,
458 3712 513 3792 qui
529 3729 574 3773 est
589 3713 668 3773 inter
685 3713 796 3773 dictam
813 3727 924 3773 terram
939 3727 969 3772 et
985 3727 1095 3772 terram
1113 3712 1247 3773 Rolandi
1264 3712 1442 3789 Contareni,
1461 3731 1557 3792 quam
1573 3732 1592 3772 a

284 3801 410 3863 Venetis
422 3802 553 3863 feudum
569 3817 662 3879 tenet,
672 3822 779 3863 versus
795 3801 1037 3883 septentrionem
1056 3802 1088 3860 in
1104 3801 1216 3882 rivu10,
1227 3801 1283 3882 qui
1299 3801 1459 3863 intercedit
1475 3801 1591 3862 dictam

282 3905 395 3952 terram
416 3907 445 3952 et
466 3892 561 3953 casale
577 3892 748 3969 Thalabie),
778 3912 804 3971 5.
823 3891 1002 3952 molendina
1026 3890 1173 3970 (quorum
1197 3910 1299 3952 unum
1323 3889 1433 3951 civitati
1455 3890 1591 3951 vicinius

282 3979 406 4043 molens
423 4001 486 4042 una
502 3981 585 4042 mola
602 3980 685 4042 etde
704 4000 768 4042 uno
784 3997 873 4041 austo
889 3999 997 4060 aquae,
1015 3999 1110 4059 quam
1133 3979 1289 4060 appellant
1312 3996 1437 4061 portum
1457 3980 1495 4040 de
1512 3998 1591 4040 con-

283 4071 379 4132 ductu
404 4070 497 4131 fontis
521 4070 603 4149 dicti,
627 4070 757 4130 alterum
780 4086 940 4150 estsuper
963 4070 1045 4130 dicto
1069 4069 1201 4147 molens,
1221 4069 1308 4148 quod
1324 4087 1410 4130 nunc
1426 4088 1480 4129 rex
1496 4084 1591 4148 tenet,

282 4160 368 4241 prius
378 4161 417 4221 ab
427 4160 575 4222 omnibus
593 4159 737 4221 lateribus
754 4158 854 4220 firmat
870 4159 902 4219 in
920 4158 1002 4219 dicto
1018 4158 1204 4219 molendino
1222 4173 1250 4219 et
1261 4158 1293 4219 in
1304 4174 1380 4219 terra
1392 4158 1482 4237 regis,
1493 4177 1592 4239 quam

283 4267 369 4310 nunc
385 4264 492 4311 tenent
503 4248 693 4325 Janueuses),
712 4249 741 4309 6.
759 4248 842 4309 aliud
860 4247 1078 4309 molendinum
1095 4247 1192 4327 (quod
1204 4249 1242 4308 de
1253 4248 1372 4309 Caneto
1383 4248 1502 4309 dictum
1512 4248 1592 4309 olim

282 4338 475 4400 destructum
492 4357 660 4401 nuncvero
676 4337 905 4399 reaedificatum
921 4352 966 4398 est
982 4353 1010 4398 et
1027 4338 1065 4398 de
1081 4356 1161 4417 aqua
1178 4336 1250 4398 dicti
1261 4336 1354 4398 fontis
1370 4352 1399 4398 et
1415 4337 1592 4399 conductus

282 4446 410 4490 necnon
426 4429 465 4490 de
481 4443 572 4489 austu
583 4442 692 4509 portus
708 4427 780 4488 dicti
795 4428 969 4489 conductus
985 4446 1082 4508 prope
1099 4427 1226 4487 hortum
1243 4425 1466 4508 archiepiscopi
1481 4427 1590 4504 molit;

282 4517 416 4599 desuper
432 4519 590 4579 conductu
607 4517 692 4578 enim
709 4514 792 4593 juxta
808 4532 935 4598 portum
951 4531 995 4577 est
1011 4514 1088 4577 ficus
1102 4516 1272 4577 Pharaonis
1283 4532 1312 4577 et
1323 4515 1405 4593 juxta
1416 4536 1483 4577 eam
1494 4516 1593 4578 currit

281 4605 401 4668 rivulus
417 4627 515 4688 aquae
532 4607 571 4668 de
587 4606 771 4687 aquaJcmis
788 4621 826 4684 et,
844 4624 917 4666 cum
934 4605 1038 4686 currit,
1050 4606 1148 4687 pergit
1158 4606 1196 4666 ad
1208 4606 1429 4667 molendinum
1439 4605 1592 4668 desubtus

282 4712 411 4776 pontem
427 4696 506 4757 sicut
522 4710 551 4758 et
566 4715 647 4778 aqua
666 4695 739 4756 dicti
761 4711 881 4777 portus,
902 4714 981 4774 quae
1004 4695 1037 4755 in
1061 4714 1162 4756 unum
1185 4695 1349 4774 colligitur,
1374 4696 1459 4756 unde
1482 4695 1590 4773 molit;

281 4783 382 4846 firmat
397 4804 506 4847 versus
522 4786 674 4848 orientem
697 4785 730 4845 in
753 4801 831 4846 terra
854 4785 943 4863 regis,
961 4803 1068 4845 versus
1084 4784 1277 4845 occidentem
1294 4784 1327 4844 in
1343 4785 1454 4862 rivulo,
1472 4785 1528 4865 qui
1545 4801 1593 4846 est

281 4873 361 4936 inter
377 4875 514 4937 Venetos
530 4891 561 4937 et
574 4874 843 4957 archiepiscopum
859 4873 1056 4956 Tyriensem,
1080 4893 1186 4935 versus
1201 4874 1445 4955 septentrionem
1462 4874 1495 4935 in
1511 4891 1592 4937 tetra
