3398 5400
606 360 687 433 regni
699 359 961 435 Hierosolymitani,
1373 387 1435 434 277

132 581 295 665 Philippus
312 584 349 645 de
367 581 550 664 Maugastel,
561 582 741 662 Ingeramus
752 582 965 661 (lngerannus)
977 583 1015 644 de
1026 582 1050 643 F
1052 581 1170 643 emium
1181 581 1342 661 (Strehlke,
1353 601 1384 663 p.
1396 582 1433 643 61

136 673 230 750 -62,
248 673 308 734 Νο.
328 693 385 749 77;
406 672 444 734 cf.
462 692 492 754 p.
515 672 596 753 123).
1350 669 1440 730 1058

181 777 280 839 1234.
297 813 341 822 -
357 779 508 840 Ricardus
523 779 547 840 F
550 778 725 858 ilangerius,
742 778 945 840 marescalcus
961 778 1137 859 imperialis,
1155 779 1240 858 regni
1259 778 1440 862 Hierosoly-

133 869 240 930 mitani
257 867 379 947 bajulus
395 883 425 930 et
440 867 517 929 sacri
534 868 656 950 imperii
671 868 790 946 legatus
806 867 839 928 in
856 869 992 949 partibus
1003 868 1118 950 Syriae,
1130 869 1344 930 venditionem
1355 885 1440 930 ante-

133 960 295 1125 ggdengpm
312 959 413 1038 sigillo
429 977 488 1019 suo
506 957 678 1020 confirmat.
694 991 739 1000 —
755 957 863 1019 Testes
880 973 1024 1040 utsupra
1046 956 1207 1038 (Strehlke,
1231 978 1262 1040 p.
1281 960 1321 1020 62
1332 959 1440 1107 -1-06539,
1464 1006 1468 1015 .

165 1069 194 1110 o.
211 1068 229 1115 7
267 1096 274 1110 .

182 1153 273 1215 1235
288 1154 325 1233 (l)
341 1155 406 1216 Jan.
427 1175 477 1233 22,
503 1154 566 1216 ind.
585 1154 665 1231 lX.¹)
680 1187 725 1197 -
740 1154 867 1236 Eython
883 1155 904 1232 1,
922 1174 974 1215 rex
991 1154 1168 1232 Armeniae,
1186 1152 1268 1216 filius
1285 1155 1440 1216 Constan-

133 1245 200 1324 tini,
218 1264 290 1307 cum
306 1245 503 1306 Ehelisabeth
519 1243 635 1323 regina,
652 1242 713 1305 filia
730 1243 845 1304 Leonis
862 1243 951 1323 regis,
970 1244 1080 1306 domui
1095 1243 1369 1305 Theutonicorum
1387 1264 1442 1327 per

134 1354 263 1396 manum
283 1333 455 1395 Hermanni
477 1333 613 1411 magistri
630 1348 659 1394 et
676 1332 801 1394 Littoldi
818 1333 1081 1395 commendatoris
1100 1333 1251 1394 civitatem
1268 1333 1440 1395 Haroniam

134 1444 206 1486 cum
224 1423 424 1501 molendinis,
442 1423 520 1485 sicut
537 1442 604 1483 eam
621 1422 805 1501 Goufridus,
830 1423 992 1503 quondam
1016 1422 1174 1501 domiuus,
1199 1423 1385 1504 possederat,
1412 1439 1442 1485 et

133 1513 318 1596 pertinentia
333 1512 435 1592 sigillo
452 1511 624 1591 confirmat,
647 1511 761 1573 scilicet
783 1511 917 1573 abbatias
940 1511 1050 1591 Ovide,
1075 1512 1105 1574 S.
1125 1513 1287 1590 Mammas,
1313 1512 1441 1592 Saugre,

135 1603 242 1665 casalia
260 1603 386 1685 Lalyan,
403 1601 561 1680 Costinos,
573 1601 788 1682 Gausquigne,
800 1602 961 1680 Cherrare,
973 1601 1139 1663 Chacorim
1156 1621 1228 1663 cum
1246 1601 1440 1681 molendin0,

134 1692 397 1772 Chainchequice,
415 1691 665 1771 Aguechemom,
683 1691 818 1767 Castine,
836 1690 867 1752 S.
885 1690 1058 1768 Danielem,
1077 1691 1239 1769 Davenim,
1257 1691 1442 1772 Saargague,

134 1782 164 1844 S.
181 1782 317 1860 Thoros,
334 1780 527 1859 Cievaverac,
552 1780 623 1858 Pin,
645 1779 782 1860 Quiang,
799 1780 941 1859 Telagre,
959 1780 1146 1860 Mautrigue,
1163 1781 1244 1858 Port,
1261 1781 1440 1859 Guenecch,

135 1871 373 1950 Hachoudagre,
397 1870 430 1931 in
447 1889 512 1950 quo
529 1885 601 1930 sunt
618 1869 722 1930 rustici
740 1869 819 1949 regis
836 1885 865 1931 et
880 1889 964 1931 unus
980 1870 1114 1931 rusticus
1138 1869 1259 1931 domini
1283 1869 1442 1932 Michaelis

134 1960 325 2041 d'Andraple
333 1975 363 2021 et
371 1958 421 2021 alii
430 1959 509 2038 regis
517 1958 664 2036 ligiorum
675 1959 779 2020 rustici
791 1974 819 2019 et
830 1959 952 2020 domini
962 1959 1085 2020 Baudin
1095 1959 1274 2020 Emerance.
1283 1959 1442 2021 —Datum

135 2069 190 2131 per
206 2068 335 2111 manum
358 2048 513 2111 Manuelis
536 2046 706 2109 cancellarii
726 2047 884 2127 (Strehlke,
901 2068 930 2129 p.
949 2049 1104 2128 65-66,
1120 2048 1181 2110 No.
1200 2050 1257 2130 83;
1284 2048 1441 2127 Langlois,

134 2140 259 2216 Tre'sor,
278 2158 307 2220 p.
330 2159 510 2219 141—143,
527 2138 587 2199 Νο.
610 2138 662 2212 18;
681 2136 718 2198 cf.
736 2136 886 2216 Strehllre,
904 2157 934 2219 p.
952 2157 1027 2214 127;
1045 2137 1217 2220 Altpreuss.
1236 2139 1441 2200 Monatsschr.

140 2229 232 2308 1882,
250 2227 331 2306 XIX,
348 2249 376 2310 p.
395 2229 468 2307 640,
488 2229 548 2289 No.
569 2246 625 2308 303
650 2227 777 2288 Forsch.
794 2228 875 2305 XXl,
893 2247 923 2309 p.
940 2247 1127 2308 499-500,
1145 2229 1206 2289 Νο.
1230 2228 1287 2303 16).
1353 2225 1443 2288 1060

209 2333 230 2398 ¹)
250 2330 349 2399 Quum
362 2346 454 2384 annus
468 2328 577 2384 calculo
591 2329 788 2384 Armenorum
808 2328 1016 2399 chronologico
1038 2341 1156 2384 notatus
1177 2328 1227 2384 sed
1242 2342 1394 2400 corruptus
1407 2327 1443 2384 sit

135 2413 222 2472 atque
242 2413 366 2471 constet,
385 2402 584 2456 Hermannum
604 2398 775 2473 magistrum
788 2401 849 2455 lan.
867 2401 933 2475 1236
947 2400 975 2455 in
995 2399 1073 2456 ltalia
1094 2413 1238 2456 moratum
1259 2418 1331 2471 esse,
1351 2418 1443 2456 annus

140 2491 203 2546 1235
219 2473 389 2528 statuendus
403 2489 465 2527 esse
479 2471 599 2527 videtur.

216 2622 236 2655 ,‚
285 2579 373 2639 Mart.
385 2598 435 2640 20.
454 2576 582 2640 Perusii.
594 2611 633 2619 —
646 2576 817 2656 Gregorius
827 2577 868 2638 lX
880 2576 1014 2655 Alatino,
1025 2576 1157 2638 soldano
1175 2575 1280 2654 leonii,
1297 2576 1443 2656 rescribit,

136 2689 169 2729 se
186 2666 326 2746 ejusdem
343 2667 491 2729 nuntium
507 2667 683 2728 Johannem
700 2666 738 2727 de
750 2666 852 2728 Gabra
869 2686 940 2727 cum
957 2665 1063 2727 litteris
1080 2666 1226 2728 laetenter
1241 2666 1392 2747 accepisse
1409 2686 1444 2727 ac

137 2757 197 2819 cito
215 2756 343 2819 nuntios
360 2756 551 2818 directurum
568 2775 634 2818 esse
651 2755 775 2838 plenius
792 2774 999 2836 responsuros
1023 2755 1196 2836 (Raynaldi,
1214 2756 1327 2817 Annal.
1351 2776 1443 2837 1235,

136 2857 227 2926 §4o;
246 2847 334 2908 Mon.
353 2846 458 2908 Germ.
476 2846 533 2926 Ep.
551 2846 572 2924 l,
590 2865 619 2926 p.
641 2865 825 2925 519—520,
842 2845 903 2906 Νο.
922 2844 1048 2925 6341113
1082 2844 1106 2905 F
1109 2843 1444 2924 icker-Winkelmann,

138 2937 198 2998 No.
212 2955 314 3016 70733
338 2936 486 3013 Porthast,
505 2928 811 3017 No.0866).)1dem
828 2954 906 3017 papa
923 2933 1024 2995 eidem
1050 2934 1161 2996 eodem
1179 2935 1251 2995 dato
1270 2933 1444 3015 confirmat,

137 3046 169 3087 se
180 3025 355 3086 Johannem
372 3025 410 3086 de
421 3025 523 3087 Gabra
534 3024 571 3085 ad
583 3023 775 3086 Fridericum
793 3023 816 3084 ll
833 3024 997 3103 remittere,
1014 3023 1069 3104 qui
1085 3023 1113 3085 ei
1129 3024 1274 3085 decenter
1289 3024 1328 3085 de
1344 3023 1445 3086 reditu

137 3113 297 3196 provideat
313 3109 414 3196 (Mon.
426 3115 532 3177 Germ.
546 3115 602 3196 Ep.
620 3113 642 3194 l,
659 3133 689 3195 p.
705 3133 776 3194 520,
788 3114 848 3174 Nn.
862 3112 990 3193 634lV3
1008 3112 1045 3174 cl.
1057 3133 1149 3195 supra
1160 3112 1333 3194 N0.ro53).
1356 3111 1441 3173 1061

219 3266 239 3298 ,,
285 3221 344 3283 Jul.
364 3242 414 3300 25·
439 3226 557 3283 nccon.
583 3256 619 3266 -
645 3220 856 3299 Alrmandus),
873 3220 1010 3302 Templi,
1028 3236 1057 3281 et
1073 3219 1239 3299 Glerinus),
1264 3219 1445 3301 Hospitalis,

138 3310 276 3390 magistri
300 3311 338 3372 de
361 3330 441 3391 aqua
464 3311 548 3372 etde
574 3310 763 3372 molendinis
786 3310 925 3371 fluminis
949 3309 1093 3387 Acconis,
1118 3309 1205 3390 quod
1228 3309 1386 3371 descendit
1409 3330 1445 3371 ex

139 3400 224 3462 fonte
242 3400 424 3461 Recordane
440 3420 472 3461 se
489 3399 689 3462 concordiam
706 3399 821 3475 iniisse,
837 3399 945 3480 sigillis
961 3400 1026 3461 suis
1043 3397 1238 3460 confirmant.
1256 3432 1300 3443 —
1316 3399 1445 3479 H(ugo),

139 3490 319 3552 Nazarenus
350 3489 618 3571 archiepiscopus,
652 3488 844 3567 Rladulfus),
875 3488 1067 3550 Acconensis
1099 3488 1274 3570 episcopus,
1288 3489 1309 3563 ¹)
1341 3487 1445 3568 Oldo),

139 3579 364 3641 comestabulus
374 3579 461 3659 regni
472 3579 758 3661 Hierosolymitani,
770 3577 868 3658 sigilla
878 3600 934 3640 sua
944 3594 1110 3661 apponunt
1121 3577 1281 3655 (Delaville
1291 3578 1319 3639 le
1330 3576 1445 3656 Roulx,

139 3689 168 3750 p.
187 3689 368 3748 171-172,
385 3669 446 3731 No.
466 3689 507 3736 70
526 3667 571 3748 [cl.
588 3688 618 3750 p.
639 3664 707 3748 24];
729 3668 875 3747 Docum,
893 3688 923 3751 p.
938 3668 1077 3749 23-26,
1095 3668 1155 3729 Nn.
1174 3687 1227 3744 173
1245 3668 1345 3746 Prutz,
1362 3686 1391 3748 p.
1406 3686 1447 3746 54

139 3779 238 3839 —55,
256 3759 316 3820 No.
337 3759 419 3835 201).
1356 3753 1445 3816 1062

215 3860 233 3930 ¹)
253 3860 296 3915 De
310 3877 369 3932 quo
383 3860 495 3914 ZDPV.
509 3860 543 3929 X,
556 3875 583 3930 p.
598 3876 627 3913 21
640 3874 647 3929 3
668 3859 780 3928 Gestes,
793 3876 820 3931 p.
838 3876 894 3932 ¹¹3·

220 4007 240 4037 „
287 3963 368 4024 Nov.
402 3966 519 4022 Accon.
545 3993 589 4006 —
614 3961 767 4039 Gerinus,
800 3959 970 4042 Hospitalis
1002 3960 1154 4040 magister,
1188 3979 1260 4021 cum
1293 3959 1447 4020 Nieholao

140 4052 276 4113 Antelini
292 4052 313 4131 ¹)
336 4051 438 4132 sigillo
461 4051 605 4133 apposito
629 4051 785 4111 cambium
810 4049 879 4111 lacit
897 4050 935 4111 de
952 4050 1087 4131 quadam
1105 4050 1212 4129 domo,
1230 4069 1324 4128 quam
1342 4049 1448 4109 fratres

42 4165 46 4175 ⁴
141 4141 309 4223 Hospitalis
326 4156 464 4203 emerant
479 4141 517 4202 ab
528 4138 670 4201 Ysabella
687 4141 725 4201 de
742 4141 838 4217 Petra,
856 4159 913 4222 pro
929 4140 1026 4201 domo
1042 4138 1101 4218 illa,
1113 4158 1210 4219 quam
1220 4137 1447 4199 dictusNicho-

140 4231 206 4293 laus
217 4231 328 4292 domui
339 4230 508 4313 Hospitalis
526 4230 655 4291 habebat
671 4229 860 4310 contiguam.
886 4230 972 4290 Haec
988 4249 1061 4290 vero
1078 4229 1192 4290 domus
1208 4247 1281 4289 cum
1293 4226 1447 4289 Nicholao

141 4336 331 4382 commutata
354 4321 498 4381 adhaeret
521 4321 558 4380 ab
581 4318 698 4380 oriente
722 4319 787 4380 viae
812 4319 952 4400 publicae
975 4334 1004 4380 et
1026 4317 1137 4399 regiae,
1162 4336 1242 4398 quae
1265 4317 1372 4379 transit
1394 4336 1449 4398 per

141 4429 255 4471 novam
272 4425 392 4492 portam
409 4409 442 4470 in
459 4411 545 4470 hunc
561 4408 703 4487 modum,
727 4424 762 4470 ut
787 4428 897 4470 murus
913 4408 1011 4490 ipsius
1032 4408 1146 4468 domus
1169 4423 1249 4467 recta
1270 4406 1352 4469 linea
1375 4425 1448 4487 pro-

140 4500 285 4561 tendatur
300 4520 316 4560 a
332 4499 418 4577 turri,
430 4518 510 4579 quae
527 4513 572 4559 est
586 4517 679 4579 supra
696 4513 821 4579 portum
839 4497 976 4576 civitatis,
993 4496 1148 4577 usquead
1165 4497 1317 4577 angulum
1334 4496 1449 4557 domus

142 4589 353 4670 Margarethae
368 4588 488 4671 positus
507 4606 615 4649 versus
631 4588 801 4663 orientem;
819 4589 856 4648 ab
867 4587 1028 4648 occidente
1039 4587 1181 4648 cohaeret
1191 4586 1302 4648 domui
1312 4584 1448 4665 Templi,

142 4698 221 4759 quae
233 4678 289 4740 fuit
299 4677 465 4740 Guarnerii
475 4676 676 4754 Theutonici,
694 4692 723 4737 et
739 4677 805 4737 aliis
816 4677 962 4739 domibus
978 4677 1037 4738 sub
1054 4695 1151 4737 censu
1167 4674 1248 4755 regis
1264 4674 1448 4754 constitutis,

142 4789 179 4829 ex
209 4784 293 4850 parte
319 4767 459 4829 meridiei
485 4767 589 4847 lumb,
615 4765 670 4846 qui
696 4765 807 4829 dicitur
831 4767 869 4828 de
896 4766 1062 4846 Malvesia,
1089 4764 1278 4846 quibusdam
1303 4765 1450 4827 domibus

218 4924 236 4994 ¹)
254 4922 287 4978 111
300 4921 389 4978 dorso
403 4938 430 4994 p.
449 4934 512 4995 174:
525 4919 663 4977 Ancelini.
