3398 5400
666 331 747 408 regni
759 329 1022 408 Hierosolymitani.
1432 352 1493 421 223

193 555 336 616 Michacli
348 556 370 633 ³)
388 555 556 616 fundacum
569 555 771 617 Alexandriae
782 575 907 616 necnon
924 555 1117 616 securitatem
1135 554 1166 615 iu
1183 570 1260 614 terra
1271 555 1403 636 Aegypti
1420 574 1496 615 con-

191 644 270 705 cedit
286 660 315 705 et
331 645 502 706 confirmat.
513 677 557 687 -
568 645 723 725 Scriptum
735 645 805 706 XIX
815 645 917 707 Saben
929 645 1043 706 mensis
1055 644 1165 705 Martii.
1186 644 1343 719 vivianus,
1356 644 1495 726 scriptor,

192 734 330 795 notarius
346 748 376 794 et
392 732 484 812 judex
501 734 581 813 legit,
604 734 787 816 exemplavit
802 754 837 795 ac
853 733 1032 815 subscripsit
1047 732 1144 811 (Tafel
1154 733 1309 794 -Thomas
1326 733 1360 810 ll,
1384 752 1413 814 p.
1437 734 1494 812 185

191 824 309 900 —187,
319 823 379 884 Νο.
390 843 462 904 243;
476 824 522 884 De
532 825 599 884 Mas
607 825 717 902 Latrie,
726 824 894 885 Traite'sde
908 823 987 905 paix,
1001 816 1103 905 suppl.
1115 842 1144 904 p.
1156 842 1225 888 70—
1236 841 1287 900 72,
1299 822 1358 883 No,
1374 823 1409 900 1).
1427 820 1497 880 830

193 960 292 1015 datum
305 957 465 1031 rejecerunt
478 973 516 1024 01,
529 960 656 1015 chartam
671 974 800 1017 nostram
815 978 882 1016 cum
897 960 986 1015 tribus
1000 958 1186 1031 sequentibus
1200 978 1216 1031 9
1230 959 1311 1014 Mart.
1331 958 1396 1013 1208
1408 976 1424 1013 a
1438 958 1496 1012 sol-

194 1031 270 1086 dano
285 1048 454 1087 concessam
468 1030 564 1101 fuisse,
576 1032 809 1087 verisimillimum
824 1050 888 1088 esse
902 1043 1084 1087 censuerunt.
1174 1035 1197 1098 ³)
1217 1031 1261 1085 De
1275 1029 1379 1101 quibus
1393 1029 1497 1084 nuntiis

192 1102 228 1158 cf.
243 1104 405 1173 Hanotaux,
418 1121 444 1176 p.
455 1120 571 1176 93-95.

237 1210 365 1291 (12081
383 1214 471 1274 Mart.
490 1210 533 1295 9).
550 1247 594 1256 —
611 1214 739 1275 Amicus
756 1214 794 1274 de
812 1213 1018 1274 Mirmomuni
1041 1212 1190 1273 omnibus
1213 1210 1323 1289 bajulis
1340 1226 1369 1273 et
1385 1213 1496 1293 capita-

193 1301 656 1364 00100110101111001111110111010
679 1302 835 1364 constituti
859 1303 994 1381 mandat,
1018 1320 1052 1363 ut
1068 1303 1205 1364 Venetos
1228 1301 1446 1362 Alexandriam
1470 1317 1498 1362 et

193 1411 264 1453 cum
289 1391 398 1452 iisdem
423 1393 603 1472 peregrinos
626 1392 657 1454 S.
676 1392 883 1472 Sepulchrum
901 1392 1038 1453 adituros
1055 1405 1217 1472 protegant
1232 1410 1267 1451 ac
1283 1407 1437 1452 tueantur.
1455 1425 1498 1434 -

192 1480 342 1544 Vivianus
352 1497 408 1541 etc.
421 1497 453 1541 ut
463 1501 557 1562 supra
567 1483 627 1542 Nu.
639 1484 702 1562 830
712 1481 968 1558 (Tafel-Thomas
979 1480 1013 1559 ll,
1023 1500 1051 1561 p.
1067 1481 1316 1558 181-188,Νο.
1327 1480 1411 1560 244).
1429 1478 1494 1539 831

237 1587 256 1665 (-
287 1632 305 1663 ,,
344 1587 357 1647 l
375 1587 462 1649 Mart.
476 1587 518 1667 9).
535 1589 666 1649 -111010
684 1588 833 1649 soldanus
850 1587 947 1648 bailiis
964 1603 992 1647 et
1006 1587 1141 1648 amiratis
1152 1587 1354 1648 Alexandriae
1365 1601 1394 1647 et
1405 1586 1498 1647 totius

194 1677 338 1759 Aegypti,
357 1689 389 1738 ut
406 1678 542 1739 Venetos
559 1697 673 1738 merces
691 1677 805 1737 ibidem
823 1693 961 1737 ementes
977 1693 1006 1736 et
1022 1676 1191 1737 vendentes
1208 1677 1393 1751 custodiant,
1411 1696 1497 1757 prae-

194 1766 276 1849 cipit.
294 1799 338 1810 -
356 1766 504 1827 Vivianus
521 1782 577 1827 etc.
595 1766 852 1843 (Tafel-Thomas
869 1765 903 1842 ll,
922 1784 951 1846 p.
975 1768 1156 1845 188—189,
1174 1767 1234 1827 No.
1254 1767 1337 1846 245)
1429 1762 1498 1824 832

237 1875 248 1953 (
286 1918 306 1949 „
345 1872 1498 1952 >Mart.9).—ldemsoldanusVenetisAlexandriacconstitutislundicum

194 1963 363 2042 Soguediki
380 1963 398 2041 ¹)
416 1983 449 2023 ac
466 1979 645 2044 potestatem
670 1963 785 2024 ibidem
810 1963 998 2025 habitantem
1021 1964 1164 2024 concedit
1183 1979 1212 2024 et
1230 1963 1344 2024 Mirum
1357 1964 1379 2041 ²)
1396 1962 1498 2023 Faidi-

194 2053 303 2113 diuum
316 2053 338 2130 ³)
356 2052 428 2112 huic
438 2070 600 2134 praecepto
616 2052 786 2113 satisfacere
803 2050 896 2128 jubet.
908 2067 951 2095 '-
964 2053 1113 2114 Vivianus
1129 2069 1185 2114 etc.
1204 2069 1236 2113 ut
1252 2073 1344 2135 supra
1361 2053 1421 2113 Nu.
1435 2054 1499 2130 830

194 2141 450 2218 (Tafel-Thomas
467 2141 501 2220 ll,
519 2162 548 2222 p.
574 2144 641 2221 180,
660 2142 719 2203 Νο.
740 2142 823 2222 246).
1429 2139 1498 2199 833

267 2243 288 2322 J)
307 2241 491 2322 saquettdtt,
504 2241 532 2296 id
547 2256 589 2297 est
605 2241 718 2297 «lorum
729 2242 820 2314 galli».
878 2247 900 2310 9)
919 2241 1089 2297 Α1011011101.
1147 2246 1169 2311 ³)
1189 2241 1256 2298 Fuid
1270 2241 1375 2296 ad-din
1390 2243 1497 2296 «abun—

195 2311 290 2367 dantta
304 2312 456 2384 regionis»,
469 2330 578 2368 nornen
592 2313 689 2369 rarius.

240 2427 251 2506 (
289 2473 309 2505 ,,
347 2426 372 2505 l)
390 2427 460 2505 Ma).
476 2447 504 2508 3.
516 2429 693 2489 —Emelec
710 2428 799 2505 Adel,
816 2427 965 2489 soldanus
976 2428 1119 2510 Aegypti,
1137 2426 1254 2488 Pisanis
1271 2427 1302 2488 in
1319 2441 1385 2488 toto
1402 2444 1499 2505 regno

197 2537 255 2578 suo
279 2518 472 2578 securitatem
488 2536 523 2577 ac
540 2517 672 2579 liberum
696 2516 917 2578 commercium
943 2518 1084 2578 concedit
1108 2532 1137 2577 01
1159 2516 1322 2578 confirmat
1345 2516 1499 2592 (Amaril

196 2607 326 2688 diplomi
343 2607 436 2684 arabi,
454 2626 484 2688 p.
504 2608 577 2686 283,
595 2608 655 2668 No.
675 2627 732 2681 223
758 2607 795 2668 cf.
814 2627 843 2688 p.
860 2607 947 2687 467).
1430 2601 1500 2664 834

240 2715 251 2792 (
290 2760 309 2790 „
347 2713 462 2793 >Maj.)
479 2716 606 2792 (italice).
629 2749 673 2758 -
695 2716 739 2776 Re
756 2714 916 2797 compiuto
940 2714 1045 2789 (malit
1062 2713 1238 2790 al-Kdmel)
1262 2713 1390 2774 nomine
1408 2713 1500 2794 patris

195 2803 315 2865 soldani
342 2805 474 2886 Aegypti
505 2805 687 2866 consulibus
713 2805 907 2875 Pisanorum,
939 2823 971 2863 se
1003 2823 1112 2864 eorum
1145 2804 1279 2882 legatum
1312 2802 1499 2864 Marzuccho

196 2893 331 2971 benigne
340 2894 488 2973 recepisse
500 2910 538 2970 01,
547 2914 627 2974 quae
639 2893 753 2974 petivit,
762 2893 930 2973 adimplere
940 2894 1027 2969 velle,
1036 2891 1198 2953 coufirmat
1209 2892 1337 2970 (Amori,
1348 2892 1358 2952 l
1369 2892 1499 2974 diplomi

195 2982 288 3059 arabi,
307 3002 335 3064 p.
357 2983 430 3056 282,
456 2982 515 3044 No.
535 3003 570 3044 21
594 2980 641 3061 [cl.
660 3002 689 3064 p.
707 2980 911 3061 465-466);
939 2982 1079 3061 Paguini,
1097 2981 1184 3042 Della
1201 2981 1319 3042 decima
1337 2981 1371 3057 ll,
1389 3001 1418 3063 p.
1439 3001 1497 3061 203

196 3088 323 3151 -2ο4;
348 3071 385 3133 cf.
402 3071 537 3133 Fanucci
555 3071 588 3148 ll,
607 3091 636 3152 p.
656 3072 802 3149 88-903
829 3072 919 3152 Heyd
937 3072 957 3149 l,
975 3090 1004 3152 p.
1022 3070 1107 3151 412).
1430 3069 1499 3129 835

241 3177 252 3254 (
290 3221 310 3252 ,‚
348 3175 373 3255 1)
399 3177 547 3253 (arabice).
573 3209 617 3220 —
642 3176 831 3256 Complures
856 3193 1042 3237 mercatores
1068 3175 1168 3236 Pisani
1193 3192 1221 3237 et
1248 3176 1420 3254 Vettetiani,
1446 3176 1499 3256 qui

197 3266 333 3327 Barutho
351 3267 491 3347 Cyprum
510 3265 620 3327 exinde
637 3266 853 3326 Alexandriam
878 3266 998 3347 appulsi
1023 3284 1077 3346 per
1099 3284 1216 3325 armum
1238 3266 1345 3327 retenti
1364 3266 1499 3344 fuerunt,

196 3356 363 3416 soldanum
376 3354 474 3416 Malec
486 3354 610 3416 al-Adel
628 3355 771 3436 precibus
787 3356 912 3433 adeunt,
930 3371 963 3414 ut
979 3354 1036 3414 sibi
1053 3354 1184 3414 liberum
1202 3355 1334 3416 reditum
1352 3355 1501 3415 concedat

197 3445 322 3522 (Amari,
339 3444 350 3504 l
366 3445 497 3525 diplomi
514 3445 606 3522 arabi,
625 3465 654 3526 p.
673 3465 814 3521 70-71,
832 3445 892 3504 Nu.
912 3462 968 3523 23;
994 3443 1031 3504 cf.
1050 3445 1246 3522 409-410).
1430 3441 1500 3502 836

258 3549 348 3611 1209
366 3551 454 3612 Mart.
476 3573 503 3631 5.
528 3552 679 3614 Laterani.
698 3587 739 3595 -
758 3550 957 3612 Innocentius
968 3550 1001 3611 lll
1020 3549 1178 3629 (Alberto),
1191 3551 1377 3632 patriarchae
1388 3550 1499 3611 Hiero-

195 3641 394 3722 solymitano,
419 3641 507 3702 Sedis
530 3642 725 3721 Apostolicae
749 3642 859 3720 legam,
884 3638 1044 3719 significat,
1068 3660 1099 3700 se
1117 3641 1260 3721 precibus
1276 3641 1499 3700 canonicorum

196 3730 476 3808 Antiochenorum,
488 3729 542 3810 qui
554 3731 708 3809 (Petrum),
720 3731 903 3811 episcopum
915 3728 1132 3812 Yporiensem,
1143 3729 1201 3789 sibi
1212 3729 1413 3810 patriarcham
1422 3729 1499 3810 peti-

195 3835 309 3895 verant,
319 3820 338 3896 ¹)
355 3819 527 3898 indulgere,
538 3835 567 3879 et
578 3819 713 3896 mandat,
731 3836 764 3881 ut
780 3838 885 3898 regem
896 3817 1061 3880 Armeniae
1071 3838 1106 3879 ac
1117 3819 1221 3879 fratres
1231 3818 1356 3899 Templi
1374 3837 1499 3879 necnon

196 3908 343 3969 comitem
359 3908 592 3989 Tripolitanum
609 3925 637 3968 et
654 3908 771 3970 dictum
788 3928 891 3987 regem
916 3907 1058 3969 conciliet
1081 3922 1110 3968 et
1133 3908 1270 3968 eundem
1293 3908 1434 3984 adducat,
1459 3924 1500 3983 ut,

196 4018 275 4078 quae
299 3997 441 4058 fratribus
456 3997 581 4078 Templi
605 3999 778 4074 abstulerat,
803 3998 920 4075 reddat,
943 3998 1080 4077 denique
1104 3996 1234 4074 nuntiat,
1258 4016 1290 4057 se
1308 3997 1339 4057 in
1357 3997 1500 4078 proximo

196 4107 261 4149 non
285 4087 440 4148 modicam
464 4088 629 4168 pecuniam
652 4086 709 4167 ipsi
733 4107 767 4148 ac
791 4087 933 4148 fratribus
955 4085 1081 4167 Templi
1105 4103 1133 4147 et
1157 4086 1325 4167 Hospitalis
1348 4085 1499 4147 destinare

196 4177 319 4253 (Baluze
336 4177 369 4252 ll,
387 4197 416 4258 p.
437 4197 634 4257 302-303,
656 4177 716 4237 Νο.
735 4178 770 4252 8;
798 4177 904 4255 Migne
921 4177 966 4254 111,
991 4196 1020 4257 p.
1044 4178 1132 4236 18-
1147 4197 1193 4254 19,
1212 4175 1271 4236 Nu.
1291 4178 1326 4249 83
1351 4176 1499 4248 Pottltast,

196 4266 255 4328 Νο.
276 4267 381 4347 31185).
1429 4261 1498 4323 837

271 4371 291 4436 ¹)
309 4368 401 4423 Antea
416 4370 505 4423 abbas
519 4368 554 4422 de
568 4365 696 4421 Lucedio
710 4365 757 4433 (cf.
771 4383 857 4437 supra
871 4367 926 4422 No.
940 4367 1006 4434 802)
1019 4378 1146 4420 vocatus

285 4525 304 4556 „
349 4480 420 4541 Jun.
438 4500 469 4559 4.
494 4478 632 4540 Viterbii.
650 4511 694 4521 —
711 4478 909 4539 Innocentius
926 4478 960 4539 lll
979 4478 1127 4555 (Leonem
1145 4477 1189 4555 ll),
1207 4496 1310 4556 regem
1323 4476 1499 4553 Armeniae,

196 4585 304 4630 monet
320 4583 349 4629 et
365 4569 515 4646 hortatur,
541 4585 573 4630 ut
597 4588 668 4629 cum
693 4567 805 4628 comite
821 4567 1018 4650 Tripolitano
1041 4584 1181 4644 treugam
1205 4567 1286 4627 ineat
1302 4582 1331 4626 et
1348 4568 1498 4628 observet.

196 4659 261 4720 Rex
278 4658 363 4720 enim
380 4678 434 4740 per
450 4659 570 4735 litteras,
595 4659 726 4719 electum
744 4656 930 4718 Tarsensem
948 4672 977 4718 et
994 4657 1116 4718 fratrem
1132 4655 1368 4718 Theutonicum
1392 4671 1499 4736 postu-

197 4749 317 4825 laverat,
327 4749 346 4826 ¹)
365 4764 398 4809 ut
414 4765 483 4809 ante
501 4748 559 4809 litis
584 4747 755 4827 ingressum
780 4749 896 4826 absque
921 4746 1037 4823 judicio
1060 4745 1165 4826 nepoti
1189 4766 1248 4807 suo
1265 4744 1429 4806 Antiochia
1446 4765 1500 4826 per

270 4889 290 4955 ¹)
310 4856 499 4940 Garnerium‘?
513 4883 568 4954 (Cf.
582 4901 667 4956 supra
682 4883 736 4938 Νο.
750 4881 812 4952 812,
826 4894 885 4938 001.
901 4885 935 4954 2).
