3398 5400
285 367 346 446 328
847 361 1022 432 Regesta

345 587 435 649 1256
451 589 550 672 April.
564 611 614 671 30.
631 593 740 652 Accon
750 589 892 670 (gallice).
908 624 953 635 —
969 589 1149 653 Guillaume
1166 592 1204 653 de
1220 591 1346 654 Chastel
1362 592 1455 669 Nuef,
1472 592 1595 675 Hospi-

282 681 349 742 talis
361 680 513 760 magister,
523 680 669 761 Philippo
680 679 848 761 (Phelippe)
859 681 897 741 de
909 680 1070 759 Montfort,
1079 681 1211 742 domino
1221 682 1260 743 de
1271 681 1331 744 Sur
1341 698 1371 743 et
1380 682 1564 760 delTozon‚
1573 681 1594 759 ¹)

282 787 311 832 et
334 769 466 848 Hugoni
489 770 595 846 Revel,
620 770 866 831 commendatori
889 790 1005 850 magno
1028 770 1207 851 Hospitalis,
1232 790 1357 833 necnon
1381 772 1414 832 P.
1436 770 1594 851 Davalon,

282 858 510 922 constabulario
520 860 559 920 de
569 858 734 937 Thabarie,
745 859 800 939 qui
817 857 904 920 electi
923 860 1052 938 fuerant,
1070 875 1105 921 ut
1121 860 1362 921 controversiam
1378 861 1457 922 inter
1472 862 1595 922 Johan-

282 949 377 1027 (nem)
394 948 551 1026 d'Ybelin,
576 948 722 1009 comitem
738 949 938 1029 Joppensem,
963 965 992 1009 et
1008 950 1141 1011 domum
1157 950 1327 1031 Hospitalis
1343 951 1381 1011 de
1399 949 1477 1012 facto
1495 955 1594 1012 Asca-

281 1038 363 1100 lonis
372 1053 509 1099 exortam
519 1038 707 1116 dirimerent,
715 1038 884 1099 terminum
893 1037 1269 1119 judiciipromulgandiin
1279 1040 1391 1101 festum
1400 1039 1595 1102 S.Johannis

281 1128 435 1209 Baptistae
456 1126 558 1208 sigillo
581 1127 724 1207 apposito
747 1127 924 1208 prolongat.
941 1162 985 1170 —
1002 1129 1047 1190 De
1065 1128 1223 1190 fratribus:
1248 1128 1352 1190 Joffrei
1376 1130 1414 1190 de
1438 1129 1593 1209 Raillane,

282 1217 387 1279 locum
399 1216 576 1278 marescalci
586 1232 705 1296 tenens,
717 1216 896 1279 Guillaume
907 1218 961 1278 des
972 1218 1138 1296 Corcelles,
1149 1218 1276 1299 Phelipe
1287 1219 1326 1279 de
1337 1218 1431 1297 Glies,
1439 1219 1595 1281 Guichart

282 1306 475 1388 drapparius,
486 1307 586 1368 Henri
596 1306 822 1387 hospitalarius,
833 1307 865 1368 P.
877 1307 1092 1388 turcoplerius,
1103 1308 1217 1390 loseph
1231 1309 1253 1385 ²³)
1264 1308 1472 1370 thesaurarius
1488 1307 1593 1385 (Dela-

281 1395 352 1458 ville
368 1396 396 1457 le
413 1396 526 1475 Roulx,
543 1416 573 1479 p.
596 1416 777 1475 191—192,
794 1396 855 1457 No.
874 1397 932 1472 86;
953 1396 990 1458 cf.
1009 1416 1038 1477 p.
1058 1398 1119 1477 37).
1500 1394 1592 1457 1247

357 1498 378 1564 ¹)
397 1497 509 1551 Toron.
585 1496 606 1566 Ι)
625 1495 661 1550 de
675 1495 782 1568 Cancy.

370 1655 390 1686 „
436 1608 535 1690 April.
547 1608 684 1689 (gallice).
695 1643 739 1652 -
749 1610 908 1672 Boemons
920 1610 970 1689 Vl,
981 1609 1126 1692 princeps
1137 1610 1353 1672 Antiochenus
1363 1627 1392 1672 et
1402 1630 1509 1672 comes
1518 1611 1593 1673 Tri-

284 1698 452 1781 politanus,
469 1718 502 1760 se
518 1718 591 1760 cum
608 1699 705 1760 domo
722 1699 892 1780 Hospitalis
907 1718 963 1780 per
979 1719 1109 1760 manum
1120 1699 1281 1761 Guillelmi
1298 1701 1336 1761 de
1353 1699 1488 1762 Castello
1506 1720 1593 1763 novo

282 1808 390 1870 pacem
413 1788 446 1849 in
469 1803 656 1870 perpetuum
678 1788 841 1850 valituram
865 1787 981 1868 fecisse,
1005 1788 1107 1868 sigillo
1131 1788 1302 1850 confirmat.
1322 1790 1429 1851 —De
1452 1791 1591 1852 vasallis:

281 1878 390 1957 Henri,
417 1878 589 1939 avunculus
615 1877 773 1960 principis,
800 1877 990 1958 Guillaume,
1016 1879 1165 1940 dominus
1191 1879 1256 1939 dou
1280 1880 1409 1956 Botron‚
1444 1880 1592 1960 Meillior,

282 1967 432 2029 dominus
448 1968 486 2028 de
504 1966 686 2046 Maracle(a),
697 1967 808 2046 Johan,
826 1968 1028 2029 marescalcus
1037 1967 1261 2048 Tripolitanos,
1277 1968 1378 2029 Johan
1394 1969 1433 2029 de
1451 1969 1592 2049 Farabel,

281 2056 431 2119 dominus
447 2055 497 2117 del
513 2056 581 2136 Pui,
598 2057 698 2117 Henri
714 2057 752 2117 de
769 2057 959 2135 Camerdais,
981 2058 1082 2118 Johan
1098 2057 1210 2136 Pierre,
1226 2057 1368 2118 Thomas
1385 2063 1472 2137 Arra,
1488 2059 1592 2120 Johan

281 2148 320 2209 de
346 2147 509 2224 Flamcort,
537 2145 681 2207 Baudoin
706 2146 744 2206 de
770 2147 862 2208 Mont
886 2147 959 2207 Olif.
1004 2146 1132 2208 Factum
1158 2147 1350 2229 principatus
1375 2163 1404 2209 et
1426 2148 1593 2210 comitatus

281 2255 366 2298 anno
382 2234 420 2297 ΙΙΙ
444 2235 539 2312 (Paoli
556 2234 578 2314 l,
600 2254 630 2317 p.
654 2255 835 2316 153—154,
853 2236 913 2298 No.
937 2255 1013 2315 129;
1038 2236 1076 2297 cf.
1095 2236 1242 2298 Archives
1258 2237 1288 2298 d.
1306 2237 1390 2298 miss.
1408 2237 1538 2302 scientis.
1556 2237 1591 2317 ll,

281 2324 525 2408 nam-nal·
1499 2324 1592 2387 ¹24⁸

370 2487 389 2519 „
437 2439 510 2519 Ma).
531 2461 558 2521 5.
579 2445 696 2502 Accon.
714 2475 757 2483 —
773 2441 919 2520 Garinus,
937 2440 1081 2520 Michael,
1098 2442 1206 2503 Petrus
1223 2443 1409 2520 Monachus,
1427 2444 1592 2523 quondam

281 2531 425 2593 ecclesiae
442 2531 559 2592 Montis
569 2530 699 2591 Thabor
715 2530 830 2610 fratres,
848 2531 1026 2593 Alexandro
1043 2530 1082 2592 lV
1098 2532 1209 2611 gratias
1224 2548 1330 2611 agunt,
1341 2532 1429 2612 quod
1445 2533 1591 2595 Montem

280 2621 410 2682 Thabor
427 2619 569 2681 fratribus
585 2620 754 2700 Hospitalis
771 2619 910 2699 contulit,
928 2621 983 2701 qui
1006 2620 1083 2682 olim
1106 2621 1244 2682 hostium
1262 2620 1476 2683 invasionibus
1493 2642 1590 2704 expo-

280 2709 356 2772 situs
373 2729 457 2771 nunc
473 2711 511 2770 ab
528 2709 565 2770 iis
582 2709 697 2770 muniri
721 2724 849 2790 coeptus
870 2725 924 2788 est,
949 2729 983 2770 ac
1000 2724 1119 2790 petunt,
1144 2727 1178 2772 ut
1194 2710 1281 2771 dictis
1299 2709 1440 2772 fratribus
1456 2711 1591 2774 consilio

280 2817 309 2861 et
328 2798 486 2878 juvamine
508 2799 680 2860 subveniat.
697 2832 741 2842 -
756 2799 913 2878 Tetricus,
940 2798 1083 2860 ecclesiae
1111 2799 1228 2861 Montis
1253 2799 1340 2880 Sion,
1367 2815 1396 2861 et
1419 2801 1590 2881 lohannes,

280 2889 311 2952 S.
329 2888 482 2951 Samuelis
508 2888 626 2949 ordinis
650 2888 970 2967 Praemonstratensis,
994 2890 1116 2950 abbates
1139 2889 1237 2969 sigilla
1260 2905 1424 2971 apponunt
1447 2889 1543 2966 (Paoli
1567 2890 1590 2970 l,

278 2998 309 3060 p.
332 2998 515 3059 149-150,
532 2978 592 3039 Νο.
611 2978 690 3056 127).
1498 2977 1590 3039 1249

371 3140 390 3172 „
438 3093 519 3176 Sept.
538 3113 584 3172 ¹5·
602 3098 709 3154 Accon
721 3093 857 3172 (gallice).
875 3127 918 3136 -
934 3094 1031 3154 Jehan
1048 3094 1086 3154 de
1104 3093 1221 3174 lbelyn,
1239 3094 1388 3155 dominus
1404 3095 1443 3156 de
1458 3095 1589 3176 Baruth,

278 3185 312 3246 in
335 3185 480 3245 Xannos
504 3183 614 3243 domui
636 3183 908 3249 Theutonicorum
933 3202 988 3263 per
1010 3202 1141 3244 manum
1164 3183 1334 3244 Eberhardi
1358 3183 1526 3263 (Everarth)
1549 3187 1589 3247 de

278 3275 398 3355 Zahyn,
423 3272 527 3352 magni
551 3271 813 3333 commendatoris
833 3289 862 3333 et
878 3271 984 3334 locum
1001 3271 1137 3353 magistri
1154 3272 1297 3352 tenentis,
1316 3273 1414 3334 casale
1430 3272 1544 3335 lmbett
1561 3291 1591 3336 et

277 3362 463 3446 pertinentia
478 3361 608 3423 scilicet:
634 3360 663 3422 le
680 3362 799 3440 Fierge,
823 3360 852 3422 le
869 3360 1018 3439 Quiebre,
1042 3362 1071 3422 la
1087 3361 1268 3442 Scebeique,
1293 3362 1420 3439 lashon,
1446 3364 1590 3445 Kaphar-

280 3455 373 3534 neby,
400 3451 605 3530 Douheireth,
627 3452 744 3531 Benna,
769 3450 894 3528 Samah,
922 3450 1071 3529 Laguille,
1098 3452 1230 3512 Karcara
1253 3466 1283 3512 et
1305 3452 1345 3512 lV
1361 3452 1495 3531 gastinas
1521 3473 1591 3515 non

278 3542 443 3604 habitatas:
469 3541 498 3601 la
514 3540 722 3622 Messerephe,
749 3541 778 3600 la
793 3539 960 3620 Ghabecie,
987 3539 1016 3600 la
1032 3539 1223 3621 Quatranye,
1250 3541 1278 3601 la
1293 3541 1377 3622 Tyre
1400 3560 1498 3603 censu
1520 3542 1589 3604 Xlll

276 3631 412 3693 millium
429 3630 634 3691 bisantiorum
652 3629 778 3690 annuali
793 3629 936 3691 concedit
952 3645 981 3691 et
996 3630 1098 3710 sigillo
1109 3629 1280 3691 confirmat.
1291 3663 1335 3674 —
1347 3631 1393 3692 De
1404 3630 1590 3694 hominibus

278 3720 359 3800 ligiis
376 3719 486 3782 Betiti:
505 3719 621 3800 Baylan
637 3719 676 3780 de
693 3719 832 3798 Mimars,
843 3718 1026 3781 castellanus
1036 3720 1075 3781 de
1086 3719 1212 3799 Baruth,
1224 3719 1375 3781 Guautier
1386 3721 1588 3801 Maynebuef,

276 3810 377 3873 Johan
393 3810 512 3890 Babyn,
537 3809 641 3870 Mathe
658 3809 697 3869 de
713 3810 806 3888 Borg,
830 3809 926 3889 Jaque
943 3808 1107 3884 Lombart;
1134 3808 1235 3869 Johan
1252 3810 1290 3869 de
1307 3808 1414 3886 lbelin,
1437 3810 1590 3872 dominus

277 3901 315 3962 de
335 3904 443 3978 Arsur,
469 3898 715 3959 constabularius
739 3912 768 3958 et
791 3898 931 3958 baillivus
954 3898 1042 3979 regni
1065 3896 1353 3979 Hierosolymitani,
1379 3899 1525 3960 Baudoin
1550 3901 1588 3962 de

278 3987 386 4067 lbelin,
411 3986 551 4066 ejusdem
568 3987 656 4067 regni
671 3986 875 4067 senescalcus,
899 3987 1048 4070 Phelippe
1065 3988 1103 4048 de
1121 3987 1283 4067 Montfort,
1305 3988 1453 4049 dominus
1470 3989 1509 4050 de
1526 3989 1589 4051 Sur

278 4095 307 4140 et
323 4079 388 4140 dou
404 4077 551 4157 Thoron,
572 4082 701 4138 Anceau
718 4077 756 4138 de
773 4075 870 4137 lbelin
887 4092 917 4137 et
931 4077 1028 4157 laque
1044 4077 1083 4139 de
1099 4075 1196 4138 lbelin
1220 4076 1307 4158 (Rey,
1324 4097 1355 4158 p.
1375 4079 1522 4158 38-403
1548 4079 1587 4142 cf.

277 4167 450 4250 Altpreuss.
468 4167 674 4228 Monatsschr.
698 4167 790 4245 1882,
807 4165 887 4246 XIX,
907 4186 937 4247 p.
954 4167 1029 4246 641,
1047 4166 1108 4228 No.
1125 4185 1185 4247 4r;
1218 4167 1346 4228 Forsch.
1364 4166 1444 4247 XXl,
1460 4187 1492 4249 p.
1512 4187 1588 4248 500,

278 4257 340 4319 No.
360 4256 420 4335 ao).
1495 4255 1588 4319 1250

320 4369 333 4455 (
372 4417 391 4450 „
438 4370 577 4450 )Octob.
595 4392 626 4452 4.
658 4376 775 4433 Accon.
792 4405 836 4416 —
853 4371 960 4434 Guido
976 4373 1015 4434 de
1036 4372 1229 4452 Basainvilla,
1252 4386 1433 4454 praeceptor
1448 4372 1587 4454 Templi,

276 4459 653 4545 episcopoAurelianensi
669 4461 800 4539 nuntiat,
810 4461 966 4540 Tartaros,
985 4462 1090 4524 multis
1106 4462 1193 4524 terris
1209 4462 1437 4524 Saracenorum
1453 4463 1588 4543 vastatis,

276 4551 345 4614 urbi
353 4549 648 4631 Hierosolymorum
657 4550 816 4612 interitum
824 4551 935 4612 minari
944 4553 1141 4614 etanteduos
1149 4571 1272 4612 menses
1280 4551 1467 4613 Mekkanam
1475 4553 1588 4614 urbem

276 4656 306 4702 et
322 4640 513 4703 Machometi
528 4639 731 4702 simulacrum
750 4656 846 4702 terrae
870 4656 958 4702 motu
982 4658 1011 4703 et
1033 4641 1106 4722 igne
1129 4643 1281 4703 destructa
1305 4660 1371 4701 esse
1395 4640 1588 4721 (Duchesne,

277 4730 331 4793 SS.
349 4748 455 4792 rerum
471 4729 617 4792 Franciae
634 4730 672 4809 V,
696 4749 725 4811 p.
744 4749 823 4803 272;
857 4730 895 4791 cf.
913 4730 992 4792 Hist.
1009 4730 1064 4792 litt.
1082 4732 1121 4793 de
1137 4730 1165 4792 la
1182 4731 1299 4793 France
1315 4728 1395 4807 XXI,
1420 4749 1450 4811 p.
1470 4751 1588 4811 794-

278 4839 359 4900 7953
393 4819 545 4881 Rbhricht
569 4819 602 4881 in
628 4819 755 4882 Forsch.
786 4820 878 4900 1886,
904 4839 934 4902 p.
958 4840 1028 4900 102,
1055 4821 1116 4882 No.
1145 4841 1192 4901 15,
1219 4821 1273 4883 ubi
1298 4817 1444 4900 epistolae
1467 4819 1589 4883 similes

278 4908 429 4988 citantur).
1495 4906 1584 4971 1251
