3398 5400
289 345 351 426 346
852 341 1027 412 Regesta

350 558 438 618 1263
455 560 543 622 Febr.
567 581 614 640 12,
636 561 699 624 ind.
716 562 766 623 VI.
792 567 899 623 Accon
915 562 948 622 in
965 581 1083 623 camera
1102 562 1203 641 legati.
1220 595 1265 606 -
1282 562 1450 643 Postquam
1468 579 1600 625 contro-

287 649 384 710 versia
400 648 479 711 inter
495 650 651 729 (Petrum),
669 651 703 712 B.
716 651 830 712 Mariae
848 652 886 713 de
902 652 1048 732 Josaphat
1063 653 1212 731 abbatem,
1229 666 1258 713 et
1275 650 1479 731 Hlenricum),
1495 653 1600 714 archi-

288 739 470 820 episcopum
481 741 688 817 Nazarenum,
700 741 738 801 de
749 741 877 802 decimis
888 741 1035 802 casalium
1047 742 1193 820 Legionis
1203 756 1233 802 et
1242 742 1398 802 Thannoc
1408 742 1462 803 diu
1474 743 1599 822 agitata,

287 829 340 889 sed
367 847 469 889 coram
495 830 629 908 Thoma,
655 831 802 913 episcopo
828 830 1054 892 Bethlemitano
1079 850 1114 891 ac
1140 830 1227 892 Sedis
1252 830 1451 911 Apostolicae
1482 832 1599 912 legat0,

288 915 417 998 ejusque
435 917 557 979 officiali
574 918 598 980 J.
617 919 742 980 materia
759 919 948 1000 quaestionis
960 939 1014 1001 per
1025 919 1223 1001 Hugolinum
1235 920 1426 998 Romanum,
1445 941 1599 1003 procura-

287 1022 388 1068 torem
404 1022 434 1068 et
449 1008 614 1088 syndicum
631 1008 746 1069 abbatis
770 1010 867 1070 dictae
883 1009 1038 1087 ecclesiae,
1057 1010 1194 1090 exposita
1217 1009 1283 1087 luit,
1307 1010 1450 1070 Thomas
1472 1010 1599 1090 legatus

288 1096 453 1177 privilegiis
474 1098 631 1176 Bernardi,
648 1099 799 1159 Nazareni
816 1099 963 1180 episcopi,
981 1099 1112 1175 letardi,
1137 1099 1287 1160 Nazareni
1312 1098 1549 1182 archiepiscopi,
1567 1116 1598 1162 et

287 1184 577 1248 confirmationibus
600 1187 772 1249 Innocentii
789 1188 822 1266 ll,
845 1188 974 1249 Adriani
991 1188 1031 1250 [V
1048 1204 1077 1249 et
1091 1189 1225 1268 Eugenii
1242 1188 1280 1249 111
1297 1208 1448 1269 paparum
1468 1209 1599 1252 necnon

287 1276 478 1337 documento
489 1296 580 1358 supra
592 1277 853 1356 (No.1321)dicto
864 1277 1070 1358 praesentatis,
1081 1277 1088 1355 j
1093 1298 1128 1338 us
1139 1277 1284 1338 ecclesiae
1295 1278 1329 1339 B.
1340 1279 1455 1339 Mariae
1467 1277 1599 1341 firmum

287 1381 316 1425 et
335 1364 531 1426 irrevocabile
555 1386 630 1445 esse,
655 1366 756 1446 sigillo
772 1387 831 1429 suo
848 1367 988 1428 declarat.
1007 1400 1049 1408 —
1066 1367 1091 1427 F
1093 1367 1274 1445 (lorentius),
1300 1367 1467 1450 episcopus
1491 1373 1598 1430 Acco-

288 1454 404 1531 nensis,
421 1454 458 1516 R.
477 1456 614 1516 decanus
637 1471 665 1517 et
688 1463 724 1517 A.
749 1456 996 1530 archidiaconus,
1020 1461 1229 1534 Acconenses,
1255 1457 1399 1535 magister
1420 1458 1598 1519 Bonannus

288 1544 464 1622 advocatus,
481 1545 640 1622 Berticius,
658 1546 827 1607 canonicus
844 1547 1033 1624 Nazarenus,
1044 1546 1212 1621 lohannes,
1230 1546 1407 1627 capellanus
1424 1546 1597 1624 (Florentii)

288 1632 436 1715 episcopi,
453 1634 585 1694 Jacobus
602 1635 640 1695 de
657 1634 687 1696 S.
701 1634 865 1712 Quintin0,
883 1634 1012 1696 clericus
1028 1655 1136 1717 papae,
1154 1635 1338 1717 Raynerius,
1356 1635 1485 1697 clericus
1496 1641 1598 1698 Acco-

289 1723 401 1800 nensis,
412 1722 615 1800 Guarnerius,
633 1723 731 1785 homo
748 1724 839 1805 ligius
856 1724 977 1786 domini
994 1724 1218 1804 Scandalionis,
1230 1725 1394 1804 Colardus,
1413 1740 1599 1806 procurator

174 1863 176 1868 .
288 1811 424 1894 episcopi
442 1814 641 1874 Acconensis.
674 1813 821 1875 Nicolaus
838 1814 875 1874 de
892 1814 1059 1890 Panormo,
1077 1814 1221 1875 ecclesiae
1238 1814 1400 1875 Romanae
1416 1815 1599 1876 auctoritate

288 1900 395 1979 scriba,
420 1901 540 1983 scripsit
563 1901 758 1979 (Delaborde,
783 1923 811 1984 p.
837 1923 946 1964 112—
963 1924 1031 1983 115,
1056 1904 1116 1965 No.
1138 1903 1197 1983 55).
1214 1897 1223 1985 11
1239 1903 1329 1964 Hanc
1352 1903 1598 1966 conventionem

288 1991 435 2053 Urbanus
452 1991 492 2051 IV
510 1991 559 2071 (13
578 1992 658 2053 Nov.
683 1992 774 2072 1263)
791 1991 954 2054 confirmat
970 1990 1053 2069 (ibid.
1072 2013 1101 2073 p.
1125 1993 1194 2070 116,
1211 1993 1271 2053 No.
1293 1993 1353 2072 56).
1506 1990 1599 2052 1323

378 2144 397 2176 „
444 2100 532 2160 Mart.
546 2119 574 2179 3.
592 2104 699 2160 Accon
711 2099 848 2178 (gallice).
860 2133 902 2143 -
914 2100 1017 2160 Raoul
1033 2100 1071 2160 de
1088 2100 1214 2178 baruth,
1227 2099 1375 2161 dominus
1389 2100 1428 2161 de
1443 2099 1598 2162 Blanche·

288 2189 391 2267 garde,
409 2208 513 2249 coram
524 2188 695 2250 Guillelmo
706 2188 740 2266 ll,
752 2189 921 2269 patriarcha
932 2188 1219 2271 Hierosolymitano
1236 2208 1270 2249 ac
1287 2189 1317 2250 S.
1330 2193 1367 2250 Α.
1384 2187 1495 2268 legat0,
1506 2189 1598 2252 Petro

289 2277 409 2354 (Pierre)
428 2279 466 2338 de
483 2278 510 2338 la
526 2278 737 2357 Chaissaigne,
749 2279 870 2339 notario
882 2278 1017 2359 publico,
1035 2295 1064 2339 et
1080 2279 1208 2339 testibus
1225 2277 1423 2359 infrascriptis
1439 2278 1599 2341 Amalrico

289 2367 438 2444 (Amauri)
455 2367 569 2428 Barlais
586 2368 686 2448 pretio
697 2368 737 2429 Vl
754 2367 888 2428 millium
905 2367 1108 2428 bisantiorum
1126 2386 1255 2428 censum
1268 2367 1380 2429 CCCC
1390 2366 1598 2430 bisantiorum

289 2457 466 2534 annualem,
478 2476 574 2537 quem
585 2457 667 2518 idem
679 2457 807 2518 Amauri
822 2477 879 2538 pro
896 2476 991 2518 censu
1010 2457 1033 2517 11
1051 2456 1184 2518 millium
1195 2456 1398 2518 bisantiorum
1415 2477 1431 2517 a
1449 2457 1598 2536 magistro

290 2546 459 2626 Hospitalis
482 2565 539 2626 pro
563 2546 701 2607 cessione
726 2547 854 2626 Margati
877 2547 1099 2607 solvendorum
1125 2547 1207 2607 dicto
1227 2545 1363 2607 Radulfo
1380 2544 1504 2624 (Raoul)
1521 2547 1600 2608 olim

289 2634 477 2712 vendiderat,
503 2656 587 2697 nunc
609 2636 777 2717 patriarcha
794 2653 823 2697 et
840 2636 908 2716 ipso
926 2635 1061 2696 Radulfo
1077 2635 1283 2713 sigillantibus
1298 2635 1414 2696 vendit.
1431 2669 1476 2678 -
1492 2636 1599 2698 Gefrei

290 2726 327 2785 de
339 2724 493 2803 Sergines,
504 2726 696 2786 senescalcus
707 2742 735 2786 et
746 2725 876 2786 ballivus
888 2725 985 2804 regni,
997 2724 1164 2786 Guillelme
1175 2726 1213 2786 de
1224 2725 1251 2785 la
1263 2724 1435 2804 Mandalee,
1447 2724 1600 2788 dominus

290 2814 530 2893 Descandeliou,
554 2814 672 2876 Gerard
690 2814 880 2888 Mainebuef,
904 2814 1017 2895 Jaques
1035 2814 1145 2892 Vidau,
1164 2813 1252 2875 Antis
1267 2814 1433 2890 l'Aleman,
1451 2815 1599 2876 homines

290 2903 361 2964 dicti
379 2903 482 2981 regni;
499 2904 600 2964 Johan
617 2905 654 2965 de
671 2904 780 2965 ordine
792 2902 1052 2979 Praedicatorum,
1065 2902 1268 2980 Sidoniensis,
1281 2908 1445 2982 Astorgue,
1457 2903 1599 2965 Tiberia-

290 2992 405 3069 densis,
422 2993 533 3070 Pierre,
552 2994 582 3054 S.
597 2995 747 3072 Abrahae,
766 2993 914 3074 episcopi,
932 2993 1043 3069 Pierre,
1064 2992 1148 3073 prior
1164 2992 1414 3053 Praedicatorum
1431 2998 1599 3055 Acconen-

290 3082 382 3160 sium,
401 3083 508 3143 Prieur
524 3083 612 3143 miles
629 3083 688 3158 (de
705 3082 899 3158 chevaliervl,
917 3082 1017 3142 Johan
1034 3083 1165 3142 d‘Arsur
1182 3082 1279 3159 miles,
1297 3082 1430 3143 Paumer
1446 3083 1600 3161 sacerdos,

291 3172 421 3232 Durand
439 3171 477 3231 de
494 3171 617 3232 Billiom
637 3173 789 3248 sacerdos,
814 3173 927 3232 Nasser
942 3171 1157 3232 ruscimannus
1180 3170 1345 3247 («esc’vain
1369 3171 1599 3250 Sarrasineis»),

291 3261 371 3321 Poul
388 3261 425 3320 de
442 3261 468 3320 la
486 3261 714 3340 Blanchegarde
728 3261 920 3322 turcimanus
938 3260 1102 3336 (tesc‘vain
1118 3260 1344 3337 Sarrasineisvl,
1357 3259 1449 3337 judex
1460 3259 1599 3341 (vjugevl

291 3348 380 3425 Grill,
408 3349 550 3428 magister
576 3351 702 3425 Bonan3
736 3352 773 3411 de
800 3349 943 3410 fratribus
968 3349 1153 3430 Hospitalis:
1180 3350 1296 3427 Hugue
1323 3349 1418 3410 Revel
1443 3350 1599 3429 magister,

292 3438 440 3500 Godelrei
458 3439 652 3518 Dauvergne,
671 3439 793 3500 Renaut
810 3440 846 3500 de
864 3439 1010 3515 Nantuel,
1021 3438 1117 3518 Jaque
1129 3439 1263 3515 deTaci,
1275 3439 1414 3499 Bertrant
1425 3439 1463 3499 de
1474 3439 1601 3500 Roche-

292 3530 398 3605 baron,
409 3528 509 3589 Johan
525 3529 563 3588 de
580 3529 691 3606 Lunel,
703 3528 871 3590 Guillelme
888 3529 925 3589 de
943 3528 1057 3608 Chery,
1074 3527 1175 3588 Johan
1188 3528 1226 3588 de
1237 3528 1393 3608 Vileloup,
1412 3528 1545 3607 Hugues
1562 3529 1601 3590 de

292 3618 432 3692 Durban,
459 3618 605 3695 Berceor,
632 3618 733 3678 Pierre
759 3618 990 3695 d'Oltremone,
1017 3617 1149 3695 Hugues
1175 3617 1212 3677 de
1239 3616 1384 3677 Ruillieu.
1426 3617 1536 3678 Petrus
1562 3619 1601 3679 de

292 3705 461 3769 Chassania
478 3707 597 3787 scripsit
614 3707 706 3782 (Paoli
725 3708 745 3785 1,
764 3728 793 3789 p.
816 3709 997 3786 180—183,
1016 3705 1075 3767 N0.
1096 3725 1172 3785 144;
1190 3706 1228 3766 cf.
1246 3726 1276 3787 p.
1292 3706 1486 3786 533—534).
1510 3705 1601 3766 1324

337 3814 348 3890 (
387 3858 406 3891 „
452 3812 577 3893 >April
595 3834 626 3893 4,
644 3814 767 3875 ind.Vl.
785 3814 1128 3889 Aecum—Thomas,
1140 3813 1304 3895 episcopus
1315 3812 1561 3875 Bethlemitanus
1573 3829 1601 3875 et

293 3903 381 3965 Sedis
393 3903 588 3983 Apostolicae
599 3904 726 3982 legatus,
739 3903 835 3980 Hugo
847 3903 952 3979 Revel,
965 3903 1108 3981 magister
1119 3902 1297 3983 Hospitalis,
1309 3903 1451 3964 Thomas
1462 3902 1600 3981 Berardi,

293 3992 437 4071 magister
453 3992 588 4073 Templi,
606 3992 849 4071 (Hartmannus),
874 4007 1053 4073 praeceptor
1069 4006 1098 4052 et
1114 3992 1195 4051 vices
1211 4011 1321 4070 gerens
1337 3991 1473 4071 magistri
1490 3992 1601 4054 Theu-

292 4082 480 4156 tonicorum,
492 4081 653 4144 Goffridus
664 4082 701 4142 de
712 4081 865 4161 Sargines,
878 4079 999 4159 bajulus
1011 4081 1097 4161 regni
1107 4080 1393 4163 Hierosolymitani,
1405 4081 1544 4142 Henrico
1555 4082 1602 4160 111,

293 4171 355 4249 regi
366 4169 506 4249 Angliae,
518 4171 665 4248 scribunt,
674 4171 803 4232 Terram
815 4171 958 4232 Sanctam
969 4170 1129 4231 invasione
1139 4170 1351 4249 Tartarorum,
1362 4189 1474 4249 magna
1484 4170 1601 4232 caristia

294 4275 322 4320 et
340 4260 457 4341 impetu
474 4260 606 4338 soldani,
624 4261 678 4341 qui
696 4260 819 4321 foedere
843 4276 967 4339 treugae
991 4275 1083 4341 rupto
1107 4278 1179 4320 cum
1203 4278 1319 4340 magno
1343 4259 1476 4321 exercitu
1500 4275 1602 4322 toturn

294 4368 428 4429 regnum
446 4368 544 4428 usque
562 4350 600 4410 ad
618 4365 744 4431 portum
755 4350 888 4411 Acconis
904 4349 1071 4430 occuparit,
1090 4348 1122 4409 in
1138 4368 1264 4409 summo
1279 4349 1457 4410 discrimine
1469 4348 1600 4431 positam

295 4459 371 4515 esse,
389 4454 427 4515 et,
444 4454 478 4499 ut
494 4439 631 4500 celeriter
646 4456 813 4518 succurrat,
831 4440 978 4500 instanter
994 4452 1104 4519 petunt
1119 4437 1245 4519 (Rymer
1262 4439 1283 4517 1,
1301 4459 1330 4519 p.
1351 4458 1430 4519 3953
1455 4438 1492 4499 cf.
1511 4438 1603 4500 Auti-

294 4547 374 4608 quae
392 4526 629 4589 constitutiones
646 4528 732 4607 regni
745 4528 885 4607 Angliae,
903 4527 1039 4588 Londini
1057 4529 1147 4605 1671,
1167 4547 1195 4607 p.
1212 4547 1287 4607 132;
1305 4528 1425 4588 Echard
1442 4543 1471 4588 et
1481 4527 1601 4605 Que'tif,

295 4616 348 4680 SS.
367 4617 433 4677 ord.
452 4617 616 4678 Praedicat.
634 4617 655 4698 l,
673 4637 702 4698 p.
723 4619 803 4697 3603
836 4617 985 4692 Strehllte,
1008 4637 1038 4698 p.
1063 4637 1132 4696 115,
1156 4617 1216 4678 No.
1241 4637 1315 4697 124;
1349 4617 1427 4678 Hist.
1445 4616 1501 4679 litt.
1520 4617 1603 4678 dela

295 4708 412 4770 France
428 4705 509 4782 XXI,
527 4725 557 4786 p.
577 4708 780 4786 804-8053
813 4706 1035 4785 Lagenissiere,
1059 4725 1089 4788 p.
1109 4725 1167 4784 923
1197 4706 1347 4767 Robricht
1363 4707 1396 4767 in
1414 4705 1564 4768 Archives
1580 4706 1602 4786 l,

296 4818 324 4877 p.
338 4797 413 4875 635,
431 4810 495 4856 not.
513 4797 570 4870 to).
587 4791 596 4878 11
613 4796 695 4858 Huic
711 4795 856 4876 epistolae
874 4796 1000 4856 alteram
1016 4796 1187 4856 breviorem
1205 4795 1233 4875 (5
1248 4795 1344 4876 April.
1358 4794 1465 4876 [1263]
1483 4795 1603 4872 Accon)

295 4888 333 4948 ad
351 4903 454 4965 regem
472 4886 602 4966 Angliae
619 4886 802 4947 destinatam
817 4886 959 4947 Thomas
974 4884 1110 4964 Berardi,
1127 4885 1271 4964 magister
1286 4885 1414 4967 Templi
1428 4885 1524 4966 addit,
1541 4904 1604 4966 qua
