<?xml version="1.0" encoding="UTF-8"?>
<!DOCTYPE html PUBLIC "-//W3C//DTD XHTML 1.0 Transitional//EN"
    "http://www.w3.org/TR/xhtml1/DTD/xhtml1-transitional.dtd">
<html xmlns="http://www.w3.org/1999/xhtml" xml:lang="en" lang="en">
 <head>
  <title>
</title>
<meta http-equiv="Content-Type" content="text/html;charset=utf-8" />
  <meta name='ocr-system' content='tesseract 3.04.00' />
  <meta name='ocr-capabilities' content='ocr_page ocr_carea ocr_par ocr_line ocrx_word'/>
</head>
<body>
  <div class='ocr_page' id='page_1' title='image "./regestaregnihie00rhgoog_0082.png"; bbox 0 0 3398 5400; ppageno 0'>
   <div class='ocr_carea' id='block_1_1' title="bbox 591 369 1422 456">
    <p class='ocr_par' dir='ltr' id='par_1_1' title="bbox 591 369 1422 456">
     <span class='ocr_line' id='line_1_1' title="bbox 591 369 1422 456; baseline -0.006 -32"><span class='ocrx_word' id='word_1_1' title='bbox 591 370 670 442; x_wconf 85' lang='lat' dir='ltr'>regni</span> <span class='ocrx_word' id='word_1_2' title='bbox 684 369 945 443; x_wconf 88' lang='lat' dir='ltr'>Hierosolymitani.</span> <span class='ocrx_word' id='word_1_3' title='bbox 1382 395 1422 456; x_wconf 80' lang='lat'>75</span> 
     </span>
    </p>
   </div>
   <div class='ocr_carea' id='block_1_2' title="bbox 119 597 1429 2733">
    <p class='ocr_par' dir='ltr' id='par_1_2' title="bbox 119 597 1429 2733">
     <span class='ocr_line' id='line_1_2' title="bbox 119 597 1425 679; baseline -0.001 -20"><span class='ocrx_word' id='word_1_4' title='bbox 119 617 192 659; x_wconf 88' lang='lat' dir='ltr'>cum</span> <span class='ocrx_word' id='word_1_5' title='bbox 209 597 347 660; x_wconf 88' lang='lat' dir='ltr'>cisternis</span> <span class='ocrx_word' id='word_1_6' title='bbox 363 617 460 679; x_wconf 86' lang='lat' dir='ltr'>prope</span> <span class='ocrx_word' id='word_1_7' title='bbox 470 597 597 659; x_wconf 92' lang='lat' dir='ltr'>Turrim</span> <span class='ocrx_word' id='word_1_8' title='bbox 616 597 725 675; x_wconf 90' lang='lat' dir='ltr'>David,</span> <span class='ocrx_word' id='word_1_9' title='bbox 743 598 792 658; x_wconf 89' lang='lat' dir='ltr'>cui</span> <span class='ocrx_word' id='word_1_10' title='bbox 810 598 899 659; x_wconf 90' lang='lat' dir='ltr'>etiam</span> <span class='ocrx_word' id='word_1_11' title='bbox 917 618 953 658; x_wconf 81' lang='lat' dir='ltr'>ex</span> <span class='ocrx_word' id='word_1_12' title='bbox 970 614 1100 677; x_wconf 86' lang='lat' dir='ltr'>utraque</span> <span class='ocrx_word' id='word_1_13' title='bbox 1117 613 1201 678; x_wconf 89' lang='lat' dir='ltr'>parte</span> <span class='ocrx_word' id='word_1_14' title='bbox 1217 597 1264 657; x_wconf 90' lang='lat' dir='ltr'>via</span> <span class='ocrx_word' id='word_1_15' title='bbox 1281 598 1425 675; x_wconf 84' lang='lat' dir='ltr'>decurrit,</span> 
     </span>
     <span class='ocr_line' id='line_1_3' title="bbox 120 687 1424 768; baseline -0.001 -20"><span class='ocrx_word' id='word_1_16' title='bbox 120 707 255 768; x_wconf 88' lang='lat' dir='ltr'>quarum</span> <span class='ocrx_word' id='word_1_17' title='bbox 273 704 402 767; x_wconf 90' lang='lat' dir='ltr'>utraque</span> <span class='ocrx_word' id='word_1_18' title='bbox 420 687 480 748; x_wconf 92' lang='lat' dir='ltr'>itur</span> <span class='ocrx_word' id='word_1_19' title='bbox 490 688 682 761; x_wconf 88' lang='lat' dir='ltr'>Bethlehem,</span> <span class='ocrx_word' id='word_1_20' title='bbox 700 687 773 747; x_wconf 91' lang='lat' dir='ltr'>item</span> <span class='ocrx_word' id='word_1_21' title='bbox 791 687 922 748; x_wconf 93' lang='lat' dir='ltr'>domum</span> <span class='ocrx_word' id='word_1_22' title='bbox 940 706 1011 747; x_wconf 92' lang='lat' dir='ltr'>cum</span> <span class='ocrx_word' id='word_1_23' title='bbox 1029 687 1168 764; x_wconf 90' lang='lat' dir='ltr'>cisterna,</span> <span class='ocrx_word' id='word_1_24' title='bbox 1180 706 1259 767; x_wconf 91' lang='lat' dir='ltr'>quae</span> <span class='ocrx_word' id='word_1_25' title='bbox 1277 687 1355 747; x_wconf 84' lang='lat' dir='ltr'>infra</span> <span class='ocrx_word' id='word_1_26' title='bbox 1371 702 1424 764; x_wconf 91' lang='lat' dir='ltr'>est,</span> 
     </span>
     <span class='ocr_line' id='line_1_4' title="bbox 120 775 1426 859; baseline -0.001 -22"><span class='ocrx_word' id='word_1_27' title='bbox 120 796 200 857; x_wconf 90' lang='lat' dir='ltr'>quae</span> <span class='ocrx_word' id='word_1_28' title='bbox 217 778 333 839; x_wconf 91' lang='lat' dir='ltr'>domus</span> <span class='ocrx_word' id='word_1_29' title='bbox 349 775 431 854; x_wconf 82' lang='lat' dir='ltr'>juxta</span> <span class='ocrx_word' id='word_1_30' title='bbox 446 792 566 859; x_wconf 89' lang='lat' dir='ltr'>portam</span> <span class='ocrx_word' id='word_1_31' title='bbox 578 776 712 857; x_wconf 80' lang='lat' dir='ltr'>Templi,</span> <span class='ocrx_word' id='word_1_32' title='bbox 723 796 784 856; x_wconf 91' lang='lat' dir='ltr'>qua</span> <span class='ocrx_word' id='word_1_33' title='bbox 801 776 861 837; x_wconf 91' lang='lat' dir='ltr'>itur</span> <span class='ocrx_word' id='word_1_34' title='bbox 871 777 1023 856; x_wconf 85' lang='lat' dir='ltr'>losaphat,</span> <span class='ocrx_word' id='word_1_35' title='bbox 1040 792 1109 836; x_wconf 88' lang='lat' dir='ltr'>ante</span> <span class='ocrx_word' id='word_1_36' title='bbox 1126 777 1257 837; x_wconf 95' lang='lat' dir='ltr'>domum</span> <span class='ocrx_word' id='word_1_37' title='bbox 1268 776 1426 839; x_wconf 90' lang='lat' dir='ltr'>Guidonis</span> 
     </span>
     <span class='ocr_line' id='line_1_5' title="bbox 120 865 1426 946; baseline 0.001 -20"><span class='ocrx_word' id='word_1_38' title='bbox 120 867 159 927; x_wconf 91' lang='lat' dir='ltr'>de</span> <span class='ocrx_word' id='word_1_39' title='bbox 176 865 301 927; x_wconf 90' lang='lat' dir='ltr'>Miliaco</span> <span class='ocrx_word' id='word_1_40' title='bbox 317 866 374 927; x_wconf 92' lang='lat' dir='ltr'>sita</span> <span class='ocrx_word' id='word_1_41' title='bbox 389 882 443 943; x_wconf 88' lang='lat' dir='ltr'>est,</span> <span class='ocrx_word' id='word_1_42' title='bbox 460 885 556 946; x_wconf 88' lang='lat' dir='ltr'>quam</span> <span class='ocrx_word' id='word_1_43' title='bbox 573 867 704 927; x_wconf 93' lang='lat' dir='ltr'>domum</span> <span class='ocrx_word' id='word_1_44' title='bbox 722 865 805 926; x_wconf 87' lang='lat' dir='ltr'>dedit</span> <span class='ocrx_word' id='word_1_45' title='bbox 822 866 922 926; x_wconf 84' lang='lat' dir='ltr'>Adam</span> <span class='ocrx_word' id='word_1_46' title='bbox 939 866 977 926; x_wconf 88' lang='lat' dir='ltr'>de</span> <span class='ocrx_word' id='word_1_47' title='bbox 994 865 1109 938; x_wconf 85' lang='lat' dir='ltr'>Ramis,</span> <span class='ocrx_word' id='word_1_48' title='bbox 1126 867 1259 927; x_wconf 89' lang='lat' dir='ltr'>domum</span> <span class='ocrx_word' id='word_1_49' title='bbox 1276 867 1426 927; x_wconf 89' lang='lat' dir='ltr'>Hieroso-</span> 
     </span>
     <span class='ocr_line' id='line_1_6' title="bbox 119 955 1426 1036; baseline 0 -21"><span class='ocrx_word' id='word_1_50' title='bbox 119 955 312 1036; x_wconf 88' lang='lat' dir='ltr'>lymitanam,</span> <span class='ocrx_word' id='word_1_51' title='bbox 330 975 424 1035; x_wconf 88' lang='lat' dir='ltr'>quam</span> <span class='ocrx_word' id='word_1_52' title='bbox 442 955 527 1016; x_wconf 87' lang='lat' dir='ltr'>dedit</span> <span class='ocrx_word' id='word_1_53' title='bbox 543 956 658 1016; x_wconf 89' lang='lat' dir='ltr'>Elanus</span> <span class='ocrx_word' id='word_1_54' title='bbox 679 955 859 1028; x_wconf 87' lang='lat' dir='ltr'>Bocherius,</span> <span class='ocrx_word' id='word_1_55' title='bbox 877 955 1009 1015; x_wconf 95' lang='lat' dir='ltr'>domum</span> <span class='ocrx_word' id='word_1_56' title='bbox 1025 971 1095 1016; x_wconf 92' lang='lat' dir='ltr'>ante</span> <span class='ocrx_word' id='word_1_57' title='bbox 1112 955 1271 1016; x_wconf 90' lang='lat' dir='ltr'>ecclesiam</span> <span class='ocrx_word' id='word_1_58' title='bbox 1295 955 1326 1016; x_wconf 91' lang='lat' dir='ltr'>S.</span> <span class='ocrx_word' id='word_1_59' title='bbox 1344 957 1426 1016; x_wconf 89' lang='lat' dir='ltr'>Mar—</span> 
     </span>
     <span class='ocr_line' id='line_1_7' title="bbox 119 1043 1427 1125; baseline 0.001 -21"><span class='ocrx_word' id='word_1_60' title='bbox 119 1044 175 1105; x_wconf 89' lang='lat' dir='ltr'>tini</span> <span class='ocrx_word' id='word_1_61' title='bbox 202 1044 537 1125; x_wconf 88' lang='lat' dir='ltr'>Hierosolymitanam,</span> <span class='ocrx_word' id='word_1_62' title='bbox 563 1064 656 1125; x_wconf 90' lang='lat' dir='ltr'>quam</span> <span class='ocrx_word' id='word_1_63' title='bbox 683 1045 860 1105; x_wconf 90' lang='lat' dir='ltr'>Bernardus</span> <span class='ocrx_word' id='word_1_64' title='bbox 883 1045 921 1104; x_wconf 88' lang='lat' dir='ltr'>de</span> <span class='ocrx_word' id='word_1_65' title='bbox 944 1044 1060 1104; x_wconf 89' lang='lat' dir='ltr'>Tolosa</span> <span class='ocrx_word' id='word_1_66' title='bbox 1090 1043 1220 1125; x_wconf 78' lang='lat' dir='ltr'>ejusque</span> <span class='ocrx_word' id='word_1_67' title='bbox 1244 1064 1323 1106; x_wconf 86' lang='lat' dir='ltr'>uxor</span> <span class='ocrx_word' id='word_1_68' title='bbox 1345 1044 1427 1106; x_wconf 83' lang='lat' dir='ltr'>Rufa</span> 
     </span>
     <span class='ocr_line' id='line_1_8' title="bbox 120 1132 1427 1215; baseline 0.001 -22"><span class='ocrx_word' id='word_1_69' title='bbox 120 1132 284 1212; x_wconf 88' lang='lat' dir='ltr'>dederunt,</span> <span class='ocrx_word' id='word_1_70' title='bbox 301 1135 422 1195; x_wconf 94' lang='lat' dir='ltr'>donum</span> <span class='ocrx_word' id='word_1_71' title='bbox 434 1133 547 1208; x_wconf 80' lang='lat' dir='ltr'>Allani,</span> <span class='ocrx_word' id='word_1_72' title='bbox 564 1134 619 1215; x_wconf 90' lang='lat' dir='ltr'>qui</span> <span class='ocrx_word' id='word_1_73' title='bbox 636 1134 836 1214; x_wconf 90' lang='lat' dir='ltr'>semetipsum</span> <span class='ocrx_word' id='word_1_74' title='bbox 860 1152 1052 1213; x_wconf 89' lang='lat' dir='ltr'>omnemque</span> <span class='ocrx_word' id='word_1_75' title='bbox 1076 1133 1277 1194; x_wconf 82' lang='lat' dir='ltr'><strong>substantiam</strong></span> <span class='ocrx_word' id='word_1_76' title='bbox 1293 1153 1382 1194; x_wconf 90' lang='lat' dir='ltr'>suam</span> <span class='ocrx_word' id='word_1_77' title='bbox 1398 1149 1427 1194; x_wconf 87' lang='lat' dir='ltr'>et</span> 
     </span>
     <span class='ocr_line' id='line_1_9' title="bbox 120 1222 1427 1304; baseline 0 -21"><span class='ocrx_word' id='word_1_78' title='bbox 120 1223 233 1284; x_wconf 92' lang='lat' dir='ltr'>domos</span> <span class='ocrx_word' id='word_1_79' title='bbox 250 1224 282 1284; x_wconf 92' lang='lat' dir='ltr'>in</span> <span class='ocrx_word' id='word_1_80' title='bbox 297 1224 393 1304; x_wconf 86' lang='lat' dir='ltr'>platea</span> <span class='ocrx_word' id='word_1_81' title='bbox 405 1222 690 1284; x_wconf 88' lang='lat' dir='ltr'>nummulariorum</span> <span class='ocrx_word' id='word_1_82' title='bbox 702 1223 772 1284; x_wconf 91' lang='lat' dir='ltr'>sitas</span> <span class='ocrx_word' id='word_1_83' title='bbox 783 1222 876 1299; x_wconf 83' lang='lat' dir='ltr'>dedit,</span> <span class='ocrx_word' id='word_1_84' title='bbox 887 1222 984 1284; x_wconf 89' lang='lat' dir='ltr'>casale</span> <span class='ocrx_word' id='word_1_85' title='bbox 995 1224 1150 1285; x_wconf 87' lang='lat' dir='ltr'>Coketum</span> <span class='ocrx_word' id='word_1_86' title='bbox 1160 1228 1269 1284; x_wconf 80' lang='lat' dir='ltr'>Accon</span> <span class='ocrx_word' id='word_1_87' title='bbox 1280 1223 1427 1300; x_wconf 89' lang='lat' dir='ltr'>vicinum,</span> 
     </span>
     <span class='ocr_line' id='line_1_10' title="bbox 120 1312 1426 1392; baseline -0.001 -19"><span class='ocrx_word' id='word_1_88' title='bbox 120 1313 208 1392; x_wconf 93' lang='lat' dir='ltr'>quod</span> <span class='ocrx_word' id='word_1_89' title='bbox 225 1332 380 1373; x_wconf 89' lang='lat' dir='ltr'>consensu</span> <span class='ocrx_word' id='word_1_90' title='bbox 398 1313 503 1374; x_wconf 87' lang='lat' dir='ltr'>uxoris</span> <span class='ocrx_word' id='word_1_91' title='bbox 519 1330 548 1373; x_wconf 88' lang='lat' dir='ltr'>et</span> <span class='ocrx_word' id='word_1_92' title='bbox 563 1312 733 1374; x_wconf 89' lang='lat' dir='ltr'>liberorum</span> <span class='ocrx_word' id='word_1_93' title='bbox 750 1312 835 1373; x_wconf 92' lang='lat' dir='ltr'>dedit</span> <span class='ocrx_word' id='word_1_94' title='bbox 850 1313 948 1373; x_wconf 88' lang='lat' dir='ltr'>Barda</span> <span class='ocrx_word' id='word_1_95' title='bbox 960 1316 1125 1390; x_wconf 86' lang='lat' dir='ltr'>Armenus,</span> <span class='ocrx_word' id='word_1_96' title='bbox 1137 1312 1234 1373; x_wconf 92' lang='lat' dir='ltr'>casale</span> <span class='ocrx_word' id='word_1_97' title='bbox 1246 1313 1426 1374; x_wconf 83' lang='lat' dir='ltr'>Recordana</span> 
     </span>
     <span class='ocr_line' id='line_1_11' title="bbox 120 1401 1427 1483; baseline 0 -21"><span class='ocrx_word' id='word_1_98' title='bbox 120 1421 192 1462; x_wconf 89' lang='lat' dir='ltr'>cum</span> <span class='ocrx_word' id='word_1_99' title='bbox 217 1401 416 1480; x_wconf 81' lang='lat' dir='ltr'>molendinis,</span> <span class='ocrx_word' id='word_1_100' title='bbox 441 1403 529 1481; x_wconf 93' lang='lat' dir='ltr'>quod</span> <span class='ocrx_word' id='word_1_101' title='bbox 552 1401 712 1483; x_wconf 91' lang='lat' dir='ltr'>Hospitale</span> <span class='ocrx_word' id='word_1_102' title='bbox 736 1421 886 1463; x_wconf 91' lang='lat' dir='ltr'>concessu</span> <span class='ocrx_word' id='word_1_103' title='bbox 907 1401 987 1481; x_wconf 87' lang='lat' dir='ltr'>regis</span> <span class='ocrx_word' id='word_1_104' title='bbox 1004 1402 1099 1483; x_wconf 91' lang='lat' dir='ltr'>ipsius</span> <span class='ocrx_word' id='word_1_105' title='bbox 1116 1418 1146 1463; x_wconf 95' lang='lat' dir='ltr'>et</span> <span class='ocrx_word' id='word_1_106' title='bbox 1161 1402 1285 1480; x_wconf 87' lang='lat' dir='ltr'>reginae</span> <span class='ocrx_word' id='word_1_107' title='bbox 1302 1420 1427 1462; x_wconf 84' lang='lat' dir='ltr'>necnon</span> 
     </span>
     <span class='ocr_line' id='line_1_12' title="bbox 120 1489 1426 1572; baseline 0 -22"><span class='ocrx_word' id='word_1_108' title='bbox 120 1489 257 1572; x_wconf 88' lang='lat' dir='ltr'>Philippi</span> <span class='ocrx_word' id='word_1_109' title='bbox 268 1491 464 1570; x_wconf 85' lang='lat' dir='ltr'>Neapolitani</span> <span class='ocrx_word' id='word_1_110' title='bbox 482 1489 611 1571; x_wconf 80' lang='lat' dir='ltr'>ejusque</span> <span class='ocrx_word' id='word_1_111' title='bbox 629 1491 756 1553; x_wconf 85' lang='lat' dir='ltr'>fratrum</span> <span class='ocrx_word' id='word_1_112' title='bbox 774 1490 923 1553; x_wconf 86' lang='lat' dir='ltr'>aGalone</span> <span class='ocrx_word' id='word_1_113' title='bbox 941 1507 969 1551; x_wconf 86' lang='lat' dir='ltr'>ct</span> <span class='ocrx_word' id='word_1_114' title='bbox 985 1511 1081 1552; x_wconf 84' lang='lat' dir='ltr'>uxore</span> <span class='ocrx_word' id='word_1_115' title='bbox 1093 1496 1212 1571; x_wconf 83' lang='lat' dir='ltr'>Agnete</span> <span class='ocrx_word' id='word_1_116' title='bbox 1229 1491 1426 1572; x_wconf 91' lang='lat' dir='ltr'>comparavit,</span> 
     </span>
     <span class='ocr_line' id='line_1_13' title="bbox 120 1578 1427 1660; baseline 0.001 -20"><span class='ocrx_word' id='word_1_117' title='bbox 120 1580 243 1641; x_wconf 93' lang='lat' dir='ltr'>donum</span> <span class='ocrx_word' id='word_1_118' title='bbox 255 1579 371 1641; x_wconf 87' lang='lat' dir='ltr'>Airaldi</span> <span class='ocrx_word' id='word_1_119' title='bbox 388 1581 515 1657; x_wconf 91' lang='lat' dir='ltr'>Barbae,</span> <span class='ocrx_word' id='word_1_120' title='bbox 532 1581 587 1660; x_wconf 93' lang='lat' dir='ltr'>qui</span> <span class='ocrx_word' id='word_1_121' title='bbox 604 1581 709 1642; x_wconf 89' lang='lat' dir='ltr'>casalis</span> <span class='ocrx_word' id='word_1_122' title='bbox 727 1582 855 1641; x_wconf 88' lang='lat' dir='ltr'>Lebetza</span> <span class='ocrx_word' id='word_1_123' title='bbox 873 1580 1067 1641; x_wconf 90' lang='lat' dir='ltr'>medietatem</span> <span class='ocrx_word' id='word_1_124' title='bbox 1085 1581 1178 1657; x_wconf 84' lang='lat' dir='ltr'>dedit,</span> <span class='ocrx_word' id='word_1_125' title='bbox 1197 1578 1286 1656; x_wconf 83' lang='lat' dir='ltr'>cujus</span> <span class='ocrx_word' id='word_1_126' title='bbox 1302 1579 1427 1641; x_wconf 88' lang='lat' dir='ltr'>alteram</span> 
     </span>
     <span class='ocr_line' id='line_1_14' title="bbox 121 1668 1428 1750; baseline 0.001 -21"><span class='ocrx_word' id='word_1_127' title='bbox 121 1669 314 1730; x_wconf 87' lang='lat' dir='ltr'>medietatem</span> <span class='ocrx_word' id='word_1_128' title='bbox 332 1669 450 1730; x_wconf 85' lang='lat' dir='ltr'>addidit</span> <span class='ocrx_word' id='word_1_129' title='bbox 461 1669 657 1750; x_wconf 82' lang='lat' dir='ltr'>Aldeburgis,</span> <span class='ocrx_word' id='word_1_130' title='bbox 674 1690 764 1731; x_wconf 89' lang='lat' dir='ltr'>soror</span> <span class='ocrx_word' id='word_1_131' title='bbox 775 1670 929 1731; x_wconf 89' lang='lat' dir='ltr'>Lamberti</span> <span class='ocrx_word' id='word_1_132' title='bbox 946 1670 1148 1744; x_wconf 91' lang='lat' dir='ltr'>cambiatoris,</span> <span class='ocrx_word' id='word_1_133' title='bbox 1160 1670 1257 1730; x_wconf 90' lang='lat' dir='ltr'>casale</span> <span class='ocrx_word' id='word_1_134' title='bbox 1268 1668 1428 1731; x_wconf 88' lang='lat' dir='ltr'>Calanzon</span> 
     </span>
     <span class='ocr_line' id='line_1_15' title="bbox 121 1758 1428 1840; baseline 0.001 -22"><span class='ocrx_word' id='word_1_135' title='bbox 121 1758 153 1819; x_wconf 88' lang='lat' dir='ltr'>in</span> <span class='ocrx_word' id='word_1_136' title='bbox 170 1759 323 1820; x_wconf 89' lang='lat' dir='ltr'>territorio</span> <span class='ocrx_word' id='word_1_137' title='bbox 340 1759 537 1820; x_wconf 87' lang='lat' dir='ltr'>Caesareensi</span> <span class='ocrx_word' id='word_1_138' title='bbox 560 1759 665 1836; x_wconf 92' lang='lat' dir='ltr'>situm,</span> <span class='ocrx_word' id='word_1_139' title='bbox 689 1760 775 1840; x_wconf 87' lang='lat' dir='ltr'>quod</span> <span class='ocrx_word' id='word_1_140' title='bbox 793 1759 877 1820; x_wconf 90' lang='lat' dir='ltr'>dedit</span> <span class='ocrx_word' id='word_1_141' title='bbox 894 1758 1045 1821; x_wconf 83' lang='lat' dir='ltr'>Gofridus</span> <span class='ocrx_word' id='word_1_142' title='bbox 1062 1760 1099 1820; x_wconf 96' lang='lat' dir='ltr'>de</span> <span class='ocrx_word' id='word_1_143' title='bbox 1118 1758 1238 1837; x_wconf 78' lang='lat' dir='ltr'>Flajaco</span> <span class='ocrx_word' id='word_1_144' title='bbox 1254 1774 1283 1819; x_wconf 92' lang='lat' dir='ltr'>et</span> <span class='ocrx_word' id='word_1_145' title='bbox 1300 1778 1371 1820; x_wconf 93' lang='lat' dir='ltr'>cum</span> <span class='ocrx_word' id='word_1_146' title='bbox 1390 1778 1428 1819; x_wconf 91' lang='lat' dir='ltr'>eo</span> 
     </span>
     <span class='ocr_line' id='line_1_16' title="bbox 119 1846 1428 1928; baseline -0.001 -19"><span class='ocrx_word' id='word_1_147' title='bbox 119 1846 278 1909; x_wconf 89' lang='lat' dir='ltr'>Johannes</span> <span class='ocrx_word' id='word_1_148' title='bbox 302 1849 340 1908; x_wconf 89' lang='lat' dir='ltr'>de</span> <span class='ocrx_word' id='word_1_149' title='bbox 364 1849 466 1909; x_wconf 89' lang='lat' dir='ltr'>Bezan</span> <span class='ocrx_word' id='word_1_150' title='bbox 489 1847 619 1928; x_wconf 90' lang='lat' dir='ltr'>ejusque</span> <span class='ocrx_word' id='word_1_151' title='bbox 644 1849 733 1909; x_wconf 89' lang='lat' dir='ltr'>frater</span> <span class='ocrx_word' id='word_1_152' title='bbox 755 1849 863 1927; x_wconf 87' lang='lat' dir='ltr'>Hugo,</span> <span class='ocrx_word' id='word_1_153' title='bbox 889 1847 998 1909; x_wconf 88' lang='lat' dir='ltr'>casalia</span> <span class='ocrx_word' id='word_1_154' title='bbox 1023 1849 1174 1909; x_wconf 90' lang='lat' dir='ltr'>Bethiben</span> <span class='ocrx_word' id='word_1_155' title='bbox 1199 1864 1228 1909; x_wconf 94' lang='lat' dir='ltr'>et</span> <span class='ocrx_word' id='word_1_156' title='bbox 1244 1848 1370 1911; x_wconf 89' lang='lat' dir='ltr'>Gendas</span> <span class='ocrx_word' id='word_1_157' title='bbox 1396 1849 1428 1908; x_wconf 89' lang='lat' dir='ltr'>in</span> 
     </span>
     <span class='ocr_line' id='line_1_17' title="bbox 119 1936 1429 2020; baseline 0.001 -23"><span class='ocrx_word' id='word_1_158' title='bbox 119 1936 273 1999; x_wconf 90' lang='lat' dir='ltr'>territorio</span> <span class='ocrx_word' id='word_1_159' title='bbox 291 1937 448 2019; x_wconf 87' lang='lat' dir='ltr'>Lyddeusi</span> <span class='ocrx_word' id='word_1_160' title='bbox 465 1938 530 2013; x_wconf 93' lang='lat' dir='ltr'>sita,</span> <span class='ocrx_word' id='word_1_161' title='bbox 548 1957 628 2018; x_wconf 89' lang='lat' dir='ltr'>quae</span> <span class='ocrx_word' id='word_1_162' title='bbox 646 1938 741 2017; x_wconf 83' lang='lat' dir='ltr'>Hugo</span> <span class='ocrx_word' id='word_1_163' title='bbox 758 1938 796 1998; x_wconf 93' lang='lat' dir='ltr'>de</span> <span class='ocrx_word' id='word_1_164' title='bbox 813 1938 919 1998; x_wconf 78' lang='lat' dir='ltr'>Remis</span> <span class='ocrx_word' id='word_1_165' title='bbox 935 1957 1085 1999; x_wconf 89' lang='lat' dir='ltr'>concessu</span> <span class='ocrx_word' id='word_1_166' title='bbox 1100 1938 1247 2017; x_wconf 83' lang='lat' dir='ltr'>Hugonis</span> <span class='ocrx_word' id='word_1_167' title='bbox 1263 1937 1429 2020; x_wconf 89' lang='lat' dir='ltr'>loppensis</span> 
     </span>
     <span class='ocr_line' id='line_1_18' title="bbox 120 2026 1429 2107; baseline 0.002 -21"><span class='ocrx_word' id='word_1_168' title='bbox 120 2042 195 2087; x_wconf 90' lang='lat' dir='ltr'>tunc</span> <span class='ocrx_word' id='word_1_169' title='bbox 211 2026 332 2087; x_wconf 91' lang='lat' dir='ltr'>domini</span> <span class='ocrx_word' id='word_1_170' title='bbox 349 2027 443 2105; x_wconf 90' lang='lat' dir='ltr'>dedit,</span> <span class='ocrx_word' id='word_1_171' title='bbox 455 2027 552 2088; x_wconf 89' lang='lat' dir='ltr'>casale</span> <span class='ocrx_word' id='word_1_172' title='bbox 564 2027 670 2088; x_wconf 78' lang='lat' dir='ltr'>Adelra</span> <span class='ocrx_word' id='word_1_173' title='bbox 682 2028 714 2088; x_wconf 89' lang='lat' dir='ltr'>in</span> <span class='ocrx_word' id='word_1_174' title='bbox 725 2027 879 2089; x_wconf 90' lang='lat' dir='ltr'>territorio</span> <span class='ocrx_word' id='word_1_175' title='bbox 890 2027 1088 2089; x_wconf 88' lang='lat' dir='ltr'>Caesareensi</span> <span class='ocrx_word' id='word_1_176' title='bbox 1099 2027 1203 2104; x_wconf 91' lang='lat' dir='ltr'>situm,</span> <span class='ocrx_word' id='word_1_177' title='bbox 1215 2028 1302 2107; x_wconf 92' lang='lat' dir='ltr'>quod</span> <span class='ocrx_word' id='word_1_178' title='bbox 1312 2028 1429 2088; x_wconf 89' lang='lat' dir='ltr'>lohan-</span> 
     </span>
     <span class='ocr_line' id='line_1_19' title="bbox 120 2115 1428 2197; baseline 0.001 -21"><span class='ocrx_word' id='word_1_179' title='bbox 120 2135 176 2176; x_wconf 91' lang='lat' dir='ltr'>nes</span> <span class='ocrx_word' id='word_1_180' title='bbox 193 2115 232 2176; x_wconf 89' lang='lat' dir='ltr'>de</span> <span class='ocrx_word' id='word_1_181' title='bbox 257 2117 356 2177; x_wconf 89' lang='lat' dir='ltr'>Bezan</span> <span class='ocrx_word' id='word_1_182' title='bbox 380 2135 530 2177; x_wconf 91' lang='lat' dir='ltr'>concessu</span> <span class='ocrx_word' id='word_1_183' title='bbox 554 2117 700 2196; x_wconf 81' lang='lat' dir='ltr'>lingonis</span> <span class='ocrx_word' id='word_1_184' title='bbox 723 2117 761 2178; x_wconf 90' lang='lat' dir='ltr'>de</span> <span class='ocrx_word' id='word_1_185' title='bbox 784 2118 886 2178; x_wconf 91' lang='lat' dir='ltr'>Bezan</span> <span class='ocrx_word' id='word_1_186' title='bbox 908 2117 1056 2178; x_wconf 87' lang='lat' dir='ltr'>vendidit.</span> <span class='ocrx_word' id='word_1_187' title='bbox 1075 2151 1117 2160; x_wconf 92' lang='lat'>—</span> <span class='ocrx_word' id='word_1_188' title='bbox 1134 2118 1251 2192; x_wconf 88' lang='lat' dir='ltr'>Petrus,</span> <span class='ocrx_word' id='word_1_189' title='bbox 1268 2116 1428 2197; x_wconf 90' lang='lat' dir='ltr'>Tyrensis,</span> 
     </span>
     <span class='ocr_line' id='line_1_20' title="bbox 120 2204 1428 2288; baseline 0.001 -23"><span class='ocrx_word' id='word_1_190' title='bbox 120 2204 304 2281; x_wconf 87' lang='lat' dir='ltr'>Balduinus,</span> <span class='ocrx_word' id='word_1_191' title='bbox 321 2206 539 2282; x_wconf 84' lang='lat' dir='ltr'>Caesariensis,</span> <span class='ocrx_word' id='word_1_192' title='bbox 557 2205 744 2283; x_wconf 74' lang='lat' dir='ltr'>Letardus,²)</span> <span class='ocrx_word' id='word_1_193' title='bbox 763 2208 952 2279; x_wconf 90' lang='lat' dir='ltr'>Nazareuus,</span> <span class='ocrx_word' id='word_1_194' title='bbox 977 2206 1211 2288; x_wconf 87' lang='lat' dir='ltr'>archiepiscopi,</span> <span class='ocrx_word' id='word_1_195' title='bbox 1236 2206 1428 2283; x_wconf 88' lang='lat' dir='ltr'>Fredericus,</span> 
     </span>
     <span class='ocr_line' id='line_1_21' title="bbox 121 2293 1428 2376; baseline 0.001 -22"><span class='ocrx_word' id='word_1_196' title='bbox 121 2293 328 2373; x_wconf 83' lang='lat' dir='ltr'>Achonensis,</span> <span class='ocrx_word' id='word_1_197' title='bbox 339 2294 500 2372; x_wconf 81' lang='lat' dir='ltr'>osbertus,</span> <span class='ocrx_word' id='word_1_198' title='bbox 511 2295 751 2371; x_wconf 87' lang='lat' dir='ltr'>Tiberiadensis,</span> <span class='ocrx_word' id='word_1_199' title='bbox 767 2295 916 2376; x_wconf 89' lang='lat' dir='ltr'>episcopi,</span> <span class='ocrx_word' id='word_1_200' title='bbox 926 2296 1110 2375; x_wconf 78' lang='lat' dir='ltr'>Amalricus,</span> <span class='ocrx_word' id='word_1_201' title='bbox 1128 2296 1207 2374; x_wconf 79' lang='lat' dir='ltr'>regis</span> <span class='ocrx_word' id='word_1_202' title='bbox 1225 2295 1323 2369; x_wconf 79' lang='lat' dir='ltr'>frater,</span> <span class='ocrx_word' id='word_1_203' title='bbox 1341 2296 1428 2356; x_wconf 87' lang='lat' dir='ltr'>Hen-</span> 
     </span>
     <span class='ocr_line' id='line_1_22' title="bbox 121 2382 1429 2466; baseline 0.001 -23"><span class='ocrx_word' id='word_1_204' title='bbox 121 2382 226 2444; x_wconf 86' lang='lat' dir='ltr'>fredus</span> <span class='ocrx_word' id='word_1_205' title='bbox 243 2384 498 2461; x_wconf 88' lang='lat' dir='ltr'>constabularius,</span> <span class='ocrx_word' id='word_1_206' title='bbox 516 2384 625 2446; x_wconf 93' lang='lat' dir='ltr'>Guido</span> <span class='ocrx_word' id='word_1_207' title='bbox 640 2385 849 2466; x_wconf 88' lang='lat' dir='ltr'>Berythensis‚</span> <span class='ocrx_word' id='word_1_208' title='bbox 868 2384 1017 2447; x_wconf 91' lang='lat' dir='ltr'>Girardus</span> <span class='ocrx_word' id='word_1_209' title='bbox 1035 2385 1228 2457; x_wconf 90' lang='lat' dir='ltr'>Sidonensis,</span> <span class='ocrx_word' id='word_1_210' title='bbox 1240 2385 1429 2448; x_wconf 90' lang='lat' dir='ltr'>Guillelmus</span> 
     </span>
     <span class='ocr_line' id='line_1_23' title="bbox 119 2471 1427 2554; baseline 0 -21"><span class='ocrx_word' id='word_1_211' title='bbox 119 2471 304 2551; x_wconf 89' lang='lat' dir='ltr'>Tiberiadis,</span> <span class='ocrx_word' id='word_1_212' title='bbox 321 2473 432 2535; x_wconf 90' lang='lat' dir='ltr'>Simon</span> <span class='ocrx_word' id='word_1_213' title='bbox 448 2473 632 2553; x_wconf 87' lang='lat' dir='ltr'>Tiberiadis,</span> <span class='ocrx_word' id='word_1_214' title='bbox 650 2474 881 2536; x_wconf 90' lang='lat' dir='ltr'>Guormundus</span> <span class='ocrx_word' id='word_1_215' title='bbox 897 2474 1080 2550; x_wconf 89' lang='lat' dir='ltr'>Tiberiadis,</span> <span class='ocrx_word' id='word_1_216' title='bbox 1098 2475 1194 2554; x_wconf 86' lang='lat' dir='ltr'>Hugo</span> <span class='ocrx_word' id='word_1_217' title='bbox 1211 2474 1427 2547; x_wconf 86' lang='lat' dir='ltr'>Caesariensis,</span> 
     </span>
     <span class='ocr_line' id='line_1_24' title="bbox 121 2561 1428 2644; baseline 0 -22"><span class='ocrx_word' id='word_1_218' title='bbox 121 2562 343 2642; x_wconf 85' lang='lat' dir='ltr'>Mahengottus</span> <span class='ocrx_word' id='word_1_219' title='bbox 359 2562 542 2640; x_wconf 85' lang='lat' dir='ltr'>Tiberiadis,</span> <span class='ocrx_word' id='word_1_220' title='bbox 567 2562 649 2624; x_wconf 91' lang='lat' dir='ltr'>filius</span> <span class='ocrx_word' id='word_1_221' title='bbox 673 2561 739 2640; x_wconf 78' lang='lat' dir='ltr'>ejus</span> <span class='ocrx_word' id='word_1_222' title='bbox 764 2562 927 2624; x_wconf 83' lang='lat' dir='ltr'>Radullus.</span> <span class='ocrx_word' id='word_1_223' title='bbox 954 2564 1068 2624; x_wconf 90' lang='lat' dir='ltr'>Datum</span> <span class='ocrx_word' id='word_1_224' title='bbox 1085 2584 1141 2644; x_wconf 90' lang='lat' dir='ltr'>per</span> <span class='ocrx_word' id='word_1_225' title='bbox 1158 2583 1284 2624; x_wconf 92' lang='lat' dir='ltr'>manum</span> <span class='ocrx_word' id='word_1_226' title='bbox 1304 2562 1428 2624; x_wconf 87' lang='lat' dir='ltr'>Radulli</span> 
     </span>
     <span class='ocr_line' id='line_1_25' title="bbox 120 2650 1429 2733; baseline -0.001 -22"><span class='ocrx_word' id='word_1_227' title='bbox 120 2650 292 2713; x_wconf 89' lang='lat' dir='ltr'>cancellarii</span> <span class='ocrx_word' id='word_1_228' title='bbox 309 2651 403 2728; x_wconf 84' lang='lat' dir='ltr'>(Pauli</span> <span class='ocrx_word' id='word_1_229' title='bbox 422 2652 442 2729; x_wconf 94' lang='lat' dir='ltr'>l,</span> <span class='ocrx_word' id='word_1_230' title='bbox 461 2672 490 2733; x_wconf 90' lang='lat' dir='ltr'>p.</span> <span class='ocrx_word' id='word_1_231' title='bbox 511 2672 651 2732; x_wconf 82' lang='lat'>32-33,</span> <span class='ocrx_word' id='word_1_232' title='bbox 670 2654 730 2714; x_wconf 94' lang='lat' dir='ltr'>No.</span> <span class='ocrx_word' id='word_1_233' title='bbox 751 2672 808 2732; x_wconf 80' lang='lat'>303</span> <span class='ocrx_word' id='word_1_234' title='bbox 834 2652 871 2712; x_wconf 87' lang='lat' dir='ltr'>cf.</span> <span class='ocrx_word' id='word_1_235' title='bbox 890 2672 919 2733; x_wconf 89' lang='lat' dir='ltr'>p.</span> <span class='ocrx_word' id='word_1_236' title='bbox 937 2653 1135 2733; x_wconf 86' lang='lat'><strong>488—489).</strong></span> <span class='ocrx_word' id='word_1_237' title='bbox 1357 2650 1429 2711; x_wconf 83' lang='lat'>293</span> 
     </span>
    </p>
   </div>
   <div class='ocr_carea' id='block_1_3' title="bbox 121 2761 1429 2905">
    <p class='ocr_par' dir='ltr' id='par_1_3' title="bbox 121 2761 1429 2905">
     <span class='ocr_line' id='line_1_26' title="bbox 195 2761 1429 2835; baseline -0.001 -19"><span class='ocrx_word' id='word_1_238' title='bbox 195 2765 215 2830; x_wconf 88' lang='lat'>¹)</span> <span class='ocrx_word' id='word_1_239' title='bbox 236 2762 324 2830; x_wconf 92' lang='lat' dir='ltr'>Quod</span> <span class='ocrx_word' id='word_1_240' title='bbox 338 2762 456 2817; x_wconf 89' lang='lat' dir='ltr'>Conder</span> <span class='ocrx_word' id='word_1_241' title='bbox 469 2762 580 2831; x_wconf 88' lang='lat' dir='ltr'>(Quart.</span> <span class='ocrx_word' id='word_1_242' title='bbox 594 2761 667 2816; x_wconf 88' lang='lat' dir='ltr'>Stat.</span> <span class='ocrx_word' id='word_1_243' title='bbox 686 2761 760 2834; x_wconf 81' lang='lat'>1890,</span> <span class='ocrx_word' id='word_1_244' title='bbox 773 2779 799 2832; x_wconf 89' lang='lat' dir='ltr'>p.</span> <span class='ocrx_word' id='word_1_245' title='bbox 813 2764 858 2833; x_wconf 84' lang='lat'>35)</span> <span class='ocrx_word' id='word_1_246' title='bbox 872 2778 934 2816; x_wconf 90' lang='lat' dir='ltr'>esse</span> <span class='ocrx_word' id='word_1_247' title='bbox 948 2762 1023 2816; x_wconf 90' lang='lat' dir='ltr'>vult:</span> <span class='ocrx_word' id='word_1_248' title='bbox 1038 2761 1227 2835; x_wconf 81' lang='lat' dir='ltr'>el-muteiyen</span> <span class='ocrx_word' id='word_1_249' title='bbox 1239 2762 1333 2831; x_wconf 88' lang='lat' dir='ltr'>(sheet</span> <span class='ocrx_word' id='word_1_250' title='bbox 1343 2763 1429 2831; x_wconf 85' lang='lat' dir='ltr'><strong>XIV).</strong></span> 
     </span>
     <span class='ocr_line' id='line_1_27' title="bbox 121 2834 551 2905; baseline 0 -18"><span class='ocrx_word' id='word_1_251' title='bbox 121 2836 144 2900; x_wconf 86' lang='lat'>²)</span> <span class='ocrx_word' id='word_1_252' title='bbox 163 2834 207 2888; x_wconf 88' lang='lat' dir='ltr'>De</span> <span class='ocrx_word' id='word_1_253' title='bbox 221 2850 281 2904; x_wconf 91' lang='lat' dir='ltr'>quo</span> <span class='ocrx_word' id='word_1_254' title='bbox 295 2834 405 2888; x_wconf 88' lang='lat' dir='ltr'>ZDPV.</span> <span class='ocrx_word' id='word_1_255' title='bbox 419 2834 455 2903; x_wconf 88' lang='lat' dir='ltr'>X,</span> <span class='ocrx_word' id='word_1_256' title='bbox 468 2850 495 2905; x_wconf 88' lang='lat' dir='ltr'>p.</span> <span class='ocrx_word' id='word_1_257' title='bbox 514 2851 551 2904; x_wconf 77' lang='lat'>¹4</span> 
     </span>
    </p>
   </div>
   <div class='ocr_carea' id='block_1_4' title="bbox 121 2950 1430 3391">
    <p class='ocr_par' dir='ltr' id='par_1_4' title="bbox 121 2950 1430 3391">
     <span class='ocr_line' id='line_1_28' title="bbox 170 2950 1429 3036; baseline 0.004 -25"><span class='ocrx_word' id='word_1_258' title='bbox 170 2950 261 3012; x_wconf 79' lang='lat'>1154</span> <span class='ocrx_word' id='word_1_259' title='bbox 277 2953 388 3016; x_wconf 88' lang='lat' dir='ltr'>Octob.</span> <span class='ocrx_word' id='word_1_260' title='bbox 403 2974 453 3015; x_wconf 87' lang='lat'>21.</span> <span class='ocrx_word' id='word_1_261' title='bbox 479 2953 630 3014; x_wconf 90' lang='lat' dir='ltr'>Laterani.</span> <span class='ocrx_word' id='word_1_262' title='bbox 648 2987 691 2996; x_wconf 93' lang='lat'>—</span> <span class='ocrx_word' id='word_1_263' title='bbox 708 2953 887 3014; x_wconf 87' lang='lat' dir='ltr'>Anastasius</span> <span class='ocrx_word' id='word_1_264' title='bbox 905 2954 945 3015; x_wconf 93' lang='lat' dir='ltr'>lV</span> <span class='ocrx_word' id='word_1_265' title='bbox 962 2955 1131 3036; x_wconf 90' lang='lat' dir='ltr'>Hospitalis</span> <span class='ocrx_word' id='word_1_266' title='bbox 1148 2955 1262 3016; x_wconf 91' lang='lat' dir='ltr'>domus</span> <span class='ocrx_word' id='word_1_267' title='bbox 1278 2954 1429 3016; x_wconf 89' lang='lat' dir='ltr'>Hieroso·</span> 
     </span>
     <span class='ocr_line' id='line_1_29' title="bbox 121 3042 1430 3125; baseline 0.002 -23"><span class='ocrx_word' id='word_1_268' title='bbox 121 3043 286 3124; x_wconf 89' lang='lat' dir='ltr'>lymitanae</span> <span class='ocrx_word' id='word_1_269' title='bbox 297 3044 521 3124; x_wconf 89' lang='lat' dir='ltr'>protectionem</span> <span class='ocrx_word' id='word_1_270' title='bbox 532 3042 659 3123; x_wconf 86' lang='lat' dir='ltr'>suscipit</span> <span class='ocrx_word' id='word_1_271' title='bbox 671 3043 882 3123; x_wconf 90' lang='lat' dir='ltr'>possessiones</span> <span class='ocrx_word' id='word_1_272' title='bbox 899 3062 934 3103; x_wconf 90' lang='lat' dir='ltr'>ac</span> <span class='ocrx_word' id='word_1_273' title='bbox 950 3045 1107 3125; x_wconf 82' lang='lat' dir='ltr'>privilegia</span> <span class='ocrx_word' id='word_1_274' title='bbox 1119 3042 1306 3105; x_wconf 88' lang='lat' dir='ltr'>confirmans</span> <span class='ocrx_word' id='word_1_275' title='bbox 1317 3044 1430 3120; x_wconf 83' lang='lat' dir='ltr'>(Mansi</span> 
     </span>
     <span class='ocr_line' id='line_1_30' title="bbox 121 3132 1429 3214; baseline 0.002 -22"><span class='ocrx_word' id='word_1_276' title='bbox 121 3132 203 3210; x_wconf 86' lang='lat' dir='ltr'>XXI,</span> <span class='ocrx_word' id='word_1_277' title='bbox 221 3151 250 3213; x_wconf 92' lang='lat' dir='ltr'>p.</span> <span class='ocrx_word' id='word_1_278' title='bbox 269 3134 349 3204; x_wconf 75' lang='lat'>780,</span> <span class='ocrx_word' id='word_1_279' title='bbox 376 3133 493 3211; x_wconf 78' lang='lat' dir='ltr'>Migne,</span> <span class='ocrx_word' id='word_1_280' title='bbox 518 3132 628 3192; x_wconf 85' lang='lat' dir='ltr'>Patrol.</span> <span class='ocrx_word' id='word_1_281' title='bbox 645 3132 694 3192; x_wconf 90' lang='lat' dir='ltr'>lat.</span> <span class='ocrx_word' id='word_1_282' title='bbox 712 3132 933 3209; x_wconf 88' lang='lat' dir='ltr'>CLXXXVlll,</span> <span class='ocrx_word' id='word_1_283' title='bbox 955 3153 983 3214; x_wconf 93' lang='lat' dir='ltr'>p.</span> <span class='ocrx_word' id='word_1_284' title='bbox 1009 3135 1105 3204; x_wconf 89' lang='lat'>1078;</span> <span class='ocrx_word' id='word_1_285' title='bbox 1130 3133 1429 3211; x_wconf 75' lang='lat' dir='ltr'>Jaffe-waenfeld,</span> 
     </span>
     <span class='ocr_line' id='line_1_31' title="bbox 121 3215 1429 3305; baseline 0.002 -24"><span class='ocrx_word' id='word_1_286' title='bbox 121 3222 182 3282; x_wconf 94' lang='lat' dir='ltr'>No.</span> <span class='ocrx_word' id='word_1_287' title='bbox 201 3223 307 3302; x_wconf 85' lang='lat'><strong>9930).</strong></span> <span class='ocrx_word' id='word_1_288' title='bbox 324 3215 333 3305; x_wconf 77' lang='lat' dir='ltr'>ll</span> <span class='ocrx_word' id='word_1_289' title='bbox 356 3221 474 3283; x_wconf 86' lang='lat' dir='ltr'>Similia</span> <span class='ocrx_word' id='word_1_290' title='bbox 496 3220 653 3302; x_wconf 85' lang='lat' dir='ltr'>privilegia</span> <span class='ocrx_word' id='word_1_291' title='bbox 671 3221 709 3281; x_wconf 85' lang='lat' dir='ltr'>cl.</span> <span class='ocrx_word' id='word_1_292' title='bbox 728 3221 759 3281; x_wconf 89' lang='lat' dir='ltr'>in</span> <span class='ocrx_word' id='word_1_293' title='bbox 775 3221 1076 3301; x_wconf 78' lang='lat' dir='ltr'>leffe-waenfeld,</span> <span class='ocrx_word' id='word_1_294' title='bbox 1100 3223 1161 3284; x_wconf 89' lang='lat' dir='ltr'>Nu.</span> <span class='ocrx_word' id='word_1_295' title='bbox 1179 3242 1277 3302; x_wconf 81' lang='lat'>9931,</span> <span class='ocrx_word' id='word_1_296' title='bbox 1309 3224 1429 3299; x_wconf 83' lang='lat'>10872,</span> 
     </span>
     <span class='ocr_line' id='line_1_32' title="bbox 127 3310 1430 3391; baseline -0.001 -19"><span class='ocrx_word' id='word_1_297' title='bbox 127 3312 848 3391; x_wconf 69' lang='grc' dir='ltr'>11586,12775ε,ι3226,14485,14511.</span> <span class='ocrx_word' id='word_1_298' title='bbox 1358 3310 1430 3371; x_wconf 85' lang='lat'>294</span> 
     </span>
    </p>
   </div>
   <div class='ocr_carea' id='block_1_5' title="bbox 120 3436 1430 4500">
    <p class='ocr_par' dir='ltr' id='par_1_5' title="bbox 120 3436 1430 4500">
     <span class='ocr_line' id='line_1_33' title="bbox 203 3436 1430 3518; baseline 0.001 -21"><span class='ocrx_word' id='word_1_299' title='bbox 203 3481 221 3512; x_wconf 92' lang='lat'><strong>„</strong></span> <span class='ocrx_word' id='word_1_300' title='bbox 267 3436 1430 3518; x_wconf 81' lang='lat' dir='ltr'>-Amalricus,pri0rS.Sepulchri‚cumtotoconventucoramFulcherio</span> 
     </span>
     <span class='ocr_line' id='line_1_34' title="bbox 122 3525 1428 3608; baseline 0.002 -23"><span class='ocrx_word' id='word_1_301' title='bbox 122 3526 290 3606; x_wconf 90' lang='lat' dir='ltr'>patriarcha</span> <span class='ocrx_word' id='word_1_302' title='bbox 314 3526 499 3587; x_wconf 86' lang='lat' dir='ltr'>Benscelino</span> <span class='ocrx_word' id='word_1_303' title='bbox 522 3525 653 3606; x_wconf 88' lang='lat' dir='ltr'>ejusque</span> <span class='ocrx_word' id='word_1_304' title='bbox 680 3527 767 3587; x_wconf 81' lang='lat' dir='ltr'>uxori</span> <span class='ocrx_word' id='word_1_305' title='bbox 791 3526 900 3587; x_wconf 91' lang='lat' dir='ltr'>Godae</span> <span class='ocrx_word' id='word_1_306' title='bbox 924 3527 1056 3588; x_wconf 92' lang='lat' dir='ltr'>domum</span> <span class='ocrx_word' id='word_1_307' title='bbox 1074 3527 1199 3608; x_wconf 85' lang='lat' dir='ltr'>Rogerii</span> <span class='ocrx_word' id='word_1_308' title='bbox 1217 3543 1246 3587; x_wconf 92' lang='lat' dir='ltr'>et</span> <span class='ocrx_word' id='word_1_309' title='bbox 1263 3527 1377 3588; x_wconf 88' lang='lat' dir='ltr'>Mariae</span> <span class='ocrx_word' id='word_1_310' title='bbox 1398 3526 1428 3587; x_wconf 93' lang='lat' dir='ltr'>S.</span> 
     </span>
     <span class='ocr_line' id='line_1_35' title="bbox 121 3615 1430 3697; baseline 0.001 -21"><span class='ocrx_word' id='word_1_311' title='bbox 121 3615 237 3693; x_wconf 87' lang='lat' dir='ltr'>Lazari,</span> <span class='ocrx_word' id='word_1_312' title='bbox 249 3634 330 3695; x_wconf 88' lang='lat' dir='ltr'>quae</span> <span class='ocrx_word' id='word_1_313' title='bbox 346 3615 402 3676; x_wconf 91' lang='lat' dir='ltr'>sita</span> <span class='ocrx_word' id='word_1_314' title='bbox 418 3632 462 3676; x_wconf 90' lang='lat' dir='ltr'>est</span> <span class='ocrx_word' id='word_1_315' title='bbox 479 3616 558 3676; x_wconf 92' lang='lat' dir='ltr'>inter</span> <span class='ocrx_word' id='word_1_316' title='bbox 568 3616 699 3676; x_wconf 87' lang='lat' dir='ltr'>domum</span> <span class='ocrx_word' id='word_1_317' title='bbox 712 3616 893 3695; x_wconf 79' lang='lat' dir='ltr'>leodegarii</span> <span class='ocrx_word' id='word_1_318' title='bbox 905 3615 1089 3677; x_wconf 91' lang='lat' dir='ltr'>molendarii</span> <span class='ocrx_word' id='word_1_319' title='bbox 1100 3633 1129 3677; x_wconf 92' lang='lat' dir='ltr'>et</span> <span class='ocrx_word' id='word_1_320' title='bbox 1140 3617 1310 3697; x_wconf 87' lang='lat' dir='ltr'>praedictae</span> <span class='ocrx_word' id='word_1_321' title='bbox 1322 3616 1430 3678; x_wconf 91' lang='lat' dir='ltr'>Godae</span> 
     </span>
     <span class='ocr_line' id='line_1_36' title="bbox 120 3704 1429 3786; baseline 0.002 -22"><span class='ocrx_word' id='word_1_322' title='bbox 120 3705 154 3765; x_wconf 93' lang='lat' dir='ltr'>in</span> <span class='ocrx_word' id='word_1_323' title='bbox 171 3704 275 3764; x_wconf 84' lang='lat' dir='ltr'>dextra</span> <span class='ocrx_word' id='word_1_324' title='bbox 298 3720 382 3785; x_wconf 88' lang='lat' dir='ltr'>parte</span> <span class='ocrx_word' id='word_1_325' title='bbox 406 3704 532 3786; x_wconf 89' lang='lat' dir='ltr'>plateae,</span> <span class='ocrx_word' id='word_1_326' title='bbox 557 3725 617 3785; x_wconf 91' lang='lat' dir='ltr'>qua</span> <span class='ocrx_word' id='word_1_327' title='bbox 642 3705 703 3766; x_wconf 90' lang='lat' dir='ltr'>itur</span> <span class='ocrx_word' id='word_1_328' title='bbox 724 3706 761 3766; x_wconf 94' lang='lat' dir='ltr'>ad</span> <span class='ocrx_word' id='word_1_329' title='bbox 778 3705 959 3786; x_wconf 90' lang='lat' dir='ltr'>Templum,</span> <span class='ocrx_word' id='word_1_330' title='bbox 984 3706 1172 3786; x_wconf 91' lang='lat' dir='ltr'>quibusdam</span> <span class='ocrx_word' id='word_1_331' title='bbox 1196 3705 1429 3768; x_wconf 87' lang='lat' dir='ltr'>conditionibus</span> 
     </span>
     <span class='ocr_line' id='line_1_37' title="bbox 121 3793 1430 3876; baseline 0.001 -22"><span class='ocrx_word' id='word_1_332' title='bbox 121 3793 272 3855; x_wconf 91' lang='lat' dir='ltr'>concedit.</span> <span class='ocrx_word' id='word_1_333' title='bbox 288 3826 327 3834; x_wconf 96' lang='lat'><em>-</em></span> <span class='ocrx_word' id='word_1_334' title='bbox 344 3794 391 3854; x_wconf 90' lang='lat' dir='ltr'>De</span> <span class='ocrx_word' id='word_1_335' title='bbox 402 3793 560 3855; x_wconf 89' lang='lat' dir='ltr'>canonicis</span> <span class='ocrx_word' id='word_1_336' title='bbox 577 3793 607 3854; x_wconf 92' lang='lat' dir='ltr'>S.</span> <span class='ocrx_word' id='word_1_337' title='bbox 619 3793 798 3875; x_wconf 88' lang='lat' dir='ltr'>Sepulchri:</span> <span class='ocrx_word' id='word_1_338' title='bbox 818 3793 992 3855; x_wconf 85' lang='lat' dir='ltr'>Amalricus</span> <span class='ocrx_word' id='word_1_339' title='bbox 1003 3795 1096 3876; x_wconf 89' lang='lat' dir='ltr'>prior,</span> <span class='ocrx_word' id='word_1_340' title='bbox 1108 3795 1264 3856; x_wconf 84' lang='lat' dir='ltr'>Arnaldus</span> <span class='ocrx_word' id='word_1_341' title='bbox 1275 3795 1430 3876; x_wconf 91' lang='lat' dir='ltr'>subprior,</span> 
     </span>
     <span class='ocr_line' id='line_1_38' title="bbox 120 3881 1429 3963; baseline -0.001 -19"><span class='ocrx_word' id='word_1_342' title='bbox 120 3881 268 3944; x_wconf 91' lang='lat' dir='ltr'>Giraldus</span> <span class='ocrx_word' id='word_1_343' title='bbox 294 3899 484 3963; x_wconf 88' lang='lat' dir='ltr'>praecentor,</span> <span class='ocrx_word' id='word_1_344' title='bbox 517 3882 708 3944; x_wconf 84' lang='lat' dir='ltr'>Godefridus</span> <span class='ocrx_word' id='word_1_345' title='bbox 734 3884 952 3960; x_wconf 86' lang='lat' dir='ltr'>thesaurarius,</span> <span class='ocrx_word' id='word_1_346' title='bbox 985 3884 1155 3945; x_wconf 91' lang='lat' dir='ltr'>Nicholaus</span> <span class='ocrx_word' id='word_1_347' title='bbox 1183 3884 1429 3956; x_wconf 86' lang='lat' dir='ltr'>elemosinarius,</span> 
     </span>
     <span class='ocr_line' id='line_1_39' title="bbox 120 3969 1430 4054; baseline 0 -22"><span class='ocrx_word' id='word_1_348' title='bbox 120 3969 291 4049; x_wconf 90' lang='lat' dir='ltr'>Beltoldus,</span> <span class='ocrx_word' id='word_1_349' title='bbox 310 3971 416 4032; x_wconf 87' lang='lat' dir='ltr'>Petrus</span> <span class='ocrx_word' id='word_1_350' title='bbox 432 3971 648 4052; x_wconf 88' lang='lat' dir='ltr'>sepulcrarius,</span> <span class='ocrx_word' id='word_1_351' title='bbox 664 3971 842 4054; x_wconf 87' lang='lat' dir='ltr'>Stephanus</span> <span class='ocrx_word' id='word_1_352' title='bbox 862 3973 1064 4053; x_wconf 86' lang='lat' dir='ltr'>praepositus,</span> <span class='ocrx_word' id='word_1_353' title='bbox 1076 3973 1311 4046; x_wconf 84' lang='lat' dir='ltr'>Constantinus,</span> <span class='ocrx_word' id='word_1_354' title='bbox 1324 3973 1430 4034; x_wconf 87' lang='lat' dir='ltr'>Petrus</span> 
     </span>
     <span class='ocr_line' id='line_1_40' title="bbox 121 4059 1429 4139; baseline 0.002 -18"><span class='ocrx_word' id='word_1_355' title='bbox 121 4060 159 4121; x_wconf 90' lang='lat' dir='ltr'>de</span> <span class='ocrx_word' id='word_1_356' title='bbox 170 4059 315 4139; x_wconf 84' lang='lat' dir='ltr'>Golgota,</span> <span class='ocrx_word' id='word_1_357' title='bbox 328 4061 434 4122; x_wconf 86' lang='lat' dir='ltr'>Petrus</span> <span class='ocrx_word' id='word_1_358' title='bbox 446 4062 484 4122; x_wconf 90' lang='lat' dir='ltr'>de</span> <span class='ocrx_word' id='word_1_359' title='bbox 496 4062 657 4137; x_wconf 86' lang='lat' dir='ltr'>Nazareth,</span> <span class='ocrx_word' id='word_1_360' title='bbox 669 4063 854 4137; x_wconf 88' lang='lat' dir='ltr'>Bernardus,</span> <span class='ocrx_word' id='word_1_361' title='bbox 867 4062 1052 4138; x_wconf 88' lang='lat' dir='ltr'>Barduinus,</span> <span class='ocrx_word' id='word_1_362' title='bbox 1066 4063 1244 4124; x_wconf 90' lang='lat' dir='ltr'>Willelmus</span> <span class='ocrx_word' id='word_1_363' title='bbox 1254 4063 1292 4123; x_wconf 90' lang='lat' dir='ltr'>de</span> <span class='ocrx_word' id='word_1_364' title='bbox 1303 4063 1429 4138; x_wconf 91' lang='lat' dir='ltr'>Baruth,</span> 
     </span>
     <span class='ocr_line' id='line_1_41' title="bbox 121 4149 1429 4232; baseline 0.001 -22"><span class='ocrx_word' id='word_1_365' title='bbox 121 4150 218 4229; x_wconf 83' lang='lat' dir='ltr'>Hugo</span> <span class='ocrx_word' id='word_1_366' title='bbox 235 4151 272 4210; x_wconf 91' lang='lat' dir='ltr'>de</span> <span class='ocrx_word' id='word_1_367' title='bbox 289 4149 421 4228; x_wconf 83' lang='lat' dir='ltr'>Nigella,</span> <span class='ocrx_word' id='word_1_368' title='bbox 438 4151 596 4212; x_wconf 87' lang='lat' dir='ltr'>Johannes</span> <span class='ocrx_word' id='word_1_369' title='bbox 614 4150 818 4228; x_wconf 74' lang='lat' dir='ltr'>pictaviensis,</span> <span class='ocrx_word' id='word_1_370' title='bbox 831 4150 1009 4213; x_wconf 92' lang='lat' dir='ltr'>Willelmus</span> <span class='ocrx_word' id='word_1_371' title='bbox 1027 4153 1065 4212; x_wconf 89' lang='lat' dir='ltr'>de</span> <span class='ocrx_word' id='word_1_372' title='bbox 1083 4152 1230 4232; x_wconf 87' lang='lat' dir='ltr'>Yspauia,</span> <span class='ocrx_word' id='word_1_373' title='bbox 1248 4151 1429 4227; x_wconf 84' lang='lat' dir='ltr'>Rainaldus,</span> 
     </span>
     <span class='ocr_line' id='line_1_42' title="bbox 120 4238 1430 4318; baseline 0.001 -18"><span class='ocrx_word' id='word_1_374' title='bbox 120 4239 229 4301; x_wconf 89' lang='lat' dir='ltr'>Petrus</span> <span class='ocrx_word' id='word_1_375' title='bbox 245 4240 283 4300; x_wconf 89' lang='lat' dir='ltr'>de</span> <span class='ocrx_word' id='word_1_376' title='bbox 301 4238 447 4312; x_wconf 87' lang='lat' dir='ltr'>Bolouia;</span> <span class='ocrx_word' id='word_1_377' title='bbox 473 4241 510 4301; x_wconf 91' lang='lat' dir='ltr'>de</span> <span class='ocrx_word' id='word_1_378' title='bbox 527 4239 628 4301; x_wconf 90' lang='lat' dir='ltr'>laicis:</span> <span class='ocrx_word' id='word_1_379' title='bbox 646 4240 708 4302; x_wconf 92' lang='lat' dir='ltr'>Oto</span> <span class='ocrx_word' id='word_1_380' title='bbox 725 4241 763 4301; x_wconf 90' lang='lat' dir='ltr'>de</span> <span class='ocrx_word' id='word_1_381' title='bbox 781 4241 919 4318; x_wconf 91' lang='lat' dir='ltr'>Verduu,</span> <span class='ocrx_word' id='word_1_382' title='bbox 938 4241 1110 4302; x_wconf 87' lang='lat' dir='ltr'>Rainaldus</span> <span class='ocrx_word' id='word_1_383' title='bbox 1127 4241 1250 4315; x_wconf 88' lang='lat' dir='ltr'>Secher,</span> <span class='ocrx_word' id='word_1_384' title='bbox 1269 4241 1375 4302; x_wconf 86' lang='lat' dir='ltr'>Petrus</span> <span class='ocrx_word' id='word_1_385' title='bbox 1392 4242 1430 4301; x_wconf 89' lang='lat' dir='ltr'>de</span> 
     </span>
     <span class='ocr_line' id='line_1_43' title="bbox 120 4327 1425 4412; baseline 0.002 -23"><span class='ocrx_word' id='word_1_386' title='bbox 120 4328 282 4407; x_wconf 80' lang='lat' dir='ltr'>Peregorc,</span> <span class='ocrx_word' id='word_1_387' title='bbox 294 4327 475 4391; x_wconf 90' lang='lat' dir='ltr'>Willelmus</span> <span class='ocrx_word' id='word_1_388' title='bbox 487 4330 608 4402; x_wconf 84' lang='lat' dir='ltr'>Patron,</span> <span class='ocrx_word' id='word_1_389' title='bbox 620 4330 816 4407; x_wconf 89' lang='lat' dir='ltr'>Benedictus,</span> <span class='ocrx_word' id='word_1_390' title='bbox 828 4330 973 4391; x_wconf 86' lang='lat' dir='ltr'>Albertus</span> <span class='ocrx_word' id='word_1_391' title='bbox 990 4330 1136 4392; x_wconf 91' lang='lat' dir='ltr'>Lombart</span> <span class='ocrx_word' id='word_1_392' title='bbox 1153 4329 1304 4409; x_wconf 71' lang='lat' dir='ltr'>(Roziere,</span> <span class='ocrx_word' id='word_1_393' title='bbox 1324 4351 1353 4412; x_wconf 93' lang='lat' dir='ltr'>p.</span> <span class='ocrx_word' id='word_1_394' title='bbox 1368 4351 1402 4391; x_wconf 86' lang='lat' dir='ltr'>zr</span> <span class='ocrx_word' id='word_1_395' title='bbox 1417 4352 1425 4391; x_wconf 89' lang='lat' dir='ltr'>r</span> 
     </span>
     <span class='ocr_line' id='line_1_44' title="bbox 121 4418 1430 4500; baseline -0.001 -21"><span class='ocrx_word' id='word_1_396' title='bbox 121 4438 241 4498; x_wconf 85' lang='lat' dir='ltr'>—zr3,</span> <span class='ocrx_word' id='word_1_397' title='bbox 259 4419 320 4479; x_wconf 95' lang='lat' dir='ltr'>No.</span> <span class='ocrx_word' id='word_1_398' title='bbox 344 4438 419 4492; x_wconf 84' lang='lat'>1¹03</span> <span class='ocrx_word' id='word_1_399' title='bbox 447 4419 564 4498; x_wconf 83' lang='lat' dir='ltr'>Migne,</span> <span class='ocrx_word' id='word_1_400' title='bbox 583 4439 612 4500; x_wconf 94' lang='lat' dir='ltr'>p.</span> <span class='ocrx_word' id='word_1_401' title='bbox 637 4421 863 4498; x_wconf 80' lang='lat'>1208-1209,</span> <span class='ocrx_word' id='word_1_402' title='bbox 881 4420 941 4480; x_wconf 92' lang='lat' dir='ltr'>No.</span> <span class='ocrx_word' id='word_1_403' title='bbox 967 4422 1045 4494; x_wconf 77' lang='lat' dir='ltr'>tro).</span> <span class='ocrx_word' id='word_1_404' title='bbox 1359 4418 1430 4479; x_wconf 83' lang='lat'>295</span> 
     </span>
    </p>
   </div>
   <div class='ocr_carea' id='block_1_6' title="bbox 119 4543 1431 4983">
    <p class='ocr_par' dir='ltr' id='par_1_6' title="bbox 119 4543 1431 4983">
     <span class='ocr_line' id='line_1_45' title="bbox 203 4543 1431 4626; baseline 0.001 -21"><span class='ocrx_word' id='word_1_405' title='bbox 203 4589 222 4619; x_wconf 91' lang='lat'><strong>„</strong></span> <span class='ocrx_word' id='word_1_406' title='bbox 270 4544 400 4605; x_wconf 87' lang='lat' dir='ltr'>Parisiis.</span> <span class='ocrx_word' id='word_1_407' title='bbox 418 4580 461 4588; x_wconf 93' lang='lat'>—-</span> <span class='ocrx_word' id='word_1_408' title='bbox 478 4544 657 4606; x_wconf 82' lang='lat' dir='ltr'>ludovicus</span> <span class='ocrx_word' id='word_1_409' title='bbox 675 4545 738 4621; x_wconf 93' lang='lat' dir='ltr'>Vll,</span> <span class='ocrx_word' id='word_1_410' title='bbox 761 4563 813 4604; x_wconf 87' lang='lat' dir='ltr'>rex</span> <span class='ocrx_word' id='word_1_411' title='bbox 829 4543 986 4620; x_wconf 89' lang='lat' dir='ltr'>Franciae,</span> <span class='ocrx_word' id='word_1_412' title='bbox 1005 4544 1146 4606; x_wconf 86' lang='lat' dir='ltr'>fratribus</span> <span class='ocrx_word' id='word_1_413' title='bbox 1163 4545 1193 4606; x_wconf 87' lang='lat' dir='ltr'>S.</span> <span class='ocrx_word' id='word_1_414' title='bbox 1213 4546 1328 4618; x_wconf 89' lang='lat' dir='ltr'>Lazari,</span> <span class='ocrx_word' id='word_1_415' title='bbox 1345 4561 1431 4626; x_wconf 89' lang='lat' dir='ltr'>post-</span> 
     </span>
     <span class='ocr_line' id='line_1_46' title="bbox 120 4632 1431 4716; baseline 0.002 -22"><span class='ocrx_word' id='word_1_416' title='bbox 120 4652 217 4714; x_wconf 88' lang='lat' dir='ltr'>quam</span> <span class='ocrx_word' id='word_1_417' title='bbox 234 4632 462 4716; x_wconf 89' lang='lat' dir='ltr'>Hierosolymis</span> <span class='ocrx_word' id='word_1_418' title='bbox 482 4649 619 4696; x_wconf 91' lang='lat' dir='ltr'>moratus</span> <span class='ocrx_word' id='word_1_419' title='bbox 636 4634 664 4694; x_wconf 94' lang='lat' dir='ltr'>X</span> <span class='ocrx_word' id='word_1_420' title='bbox 680 4632 772 4694; x_wconf 89' lang='lat' dir='ltr'>libras</span> <span class='ocrx_word' id='word_1_421' title='bbox 788 4632 939 4694; x_wconf 88' lang='lat' dir='ltr'>annuales</span> <span class='ocrx_word' id='word_1_422' title='bbox 956 4635 1116 4711; x_wconf 91' lang='lat' dir='ltr'>concessit,</span> <span class='ocrx_word' id='word_1_423' title='bbox 1133 4634 1205 4696; x_wconf 92' lang='lat' dir='ltr'>loco</span> <span class='ocrx_word' id='word_1_424' title='bbox 1222 4654 1327 4696; x_wconf 91' lang='lat' dir='ltr'>earum</span> <span class='ocrx_word' id='word_1_425' title='bbox 1346 4654 1431 4696; x_wconf 90' lang='lat' dir='ltr'>nunc</span> 
     </span>
     <span class='ocr_line' id='line_1_47' title="bbox 119 4722 1431 4802; baseline -0.001 -18"><span class='ocrx_word' id='word_1_426' title='bbox 119 4722 311 4784; x_wconf 87' lang='lat' dir='ltr'>Ballivacum</span> <span class='ocrx_word' id='word_1_427' title='bbox 336 4724 432 4785; x_wconf 89' lang='lat' dir='ltr'>donat</span> <span class='ocrx_word' id='word_1_428' title='bbox 457 4739 486 4784; x_wconf 93' lang='lat' dir='ltr'>et</span> <span class='ocrx_word' id='word_1_429' title='bbox 510 4723 612 4802; x_wconf 83' lang='lat' dir='ltr'>sigillo</span> <span class='ocrx_word' id='word_1_430' title='bbox 638 4722 809 4783; x_wconf 87' lang='lat' dir='ltr'>confirmat.</span> <span class='ocrx_word' id='word_1_431' title='bbox 829 4757 868 4765; x_wconf 97' lang='lat'>—</span> <span class='ocrx_word' id='word_1_432' title='bbox 887 4722 994 4785; x_wconf 93' lang='lat' dir='ltr'>Guido</span> <span class='ocrx_word' id='word_1_433' title='bbox 1020 4724 1232 4795; x_wconf 87' lang='lat' dir='ltr'>buticularius,</span> <span class='ocrx_word' id='word_1_434' title='bbox 1258 4724 1431 4784; x_wconf 88' lang='lat' dir='ltr'>Matthaeus</span> 
     </span>
     <span class='ocr_line' id='line_1_48' title="bbox 119 4812 1430 4894; baseline 0.002 -22"><span class='ocrx_word' id='word_1_435' title='bbox 119 4812 318 4887; x_wconf 89' lang='lat' dir='ltr'>camerarius,</span> <span class='ocrx_word' id='word_1_436' title='bbox 336 4814 510 4873; x_wconf 89' lang='lat' dir='ltr'>Matthaeus</span> <span class='ocrx_word' id='word_1_437' title='bbox 527 4812 782 4873; x_wconf 87' lang='lat' dir='ltr'>constabularius.</span> <span class='ocrx_word' id='word_1_438' title='bbox 808 4813 922 4873; x_wconf 89' lang='lat' dir='ltr'>Datum</span> <span class='ocrx_word' id='word_1_439' title='bbox 941 4833 995 4894; x_wconf 92' lang='lat' dir='ltr'>per</span> <span class='ocrx_word' id='word_1_440' title='bbox 1012 4832 1140 4873; x_wconf 87' lang='lat' dir='ltr'>manum</span> <span class='ocrx_word' id='word_1_441' title='bbox 1153 4813 1298 4893; x_wconf 82' lang='lat' dir='ltr'>Hugonis</span> <span class='ocrx_word' id='word_1_442' title='bbox 1310 4813 1430 4874; x_wconf 87' lang='lat' dir='ltr'>cancel-</span> 
     </span>
     <span class='ocr_line' id='line_1_49' title="bbox 119 4900 1429 4983; baseline 0.002 -21"><span class='ocrx_word' id='word_1_443' title='bbox 119 4900 187 4962; x_wconf 89' lang='lat' dir='ltr'>larii</span> <span class='ocrx_word' id='word_1_444' title='bbox 204 4901 361 4977; x_wconf 79' lang='lat' dir='ltr'>(Archives</span> <span class='ocrx_word' id='word_1_445' title='bbox 378 4903 415 4962; x_wconf 95' lang='lat' dir='ltr'>de</span> <span class='ocrx_word' id='word_1_446' title='bbox 432 4901 566 4963; x_wconf 86' lang='lat' dir='ltr'>l&#39;Orient</span> <span class='ocrx_word' id='word_1_447' title='bbox 581 4901 656 4962; x_wconf 89' lang='lat' dir='ltr'>latin</span> <span class='ocrx_word' id='word_1_448' title='bbox 673 4902 695 4962; x_wconf 97' lang='lat' dir='ltr'>ll</span> <span class='ocrx_word' id='word_1_449' title='bbox 706 4903 739 4980; x_wconf 89' lang='lat' dir='ltr'>B,</span> <span class='ocrx_word' id='word_1_450' title='bbox 757 4922 787 4983; x_wconf 92' lang='lat' dir='ltr'>p.</span> <span class='ocrx_word' id='word_1_451' title='bbox 807 4921 875 4983; x_wconf 84' lang='lat'>132,</span> <span class='ocrx_word' id='word_1_452' title='bbox 893 4903 953 4963; x_wconf 92' lang='grc' dir='ltr'>Νο.</span> <span class='ocrx_word' id='word_1_453' title='bbox 978 4922 1031 4978; x_wconf 76' lang='lat'>¹23</span> <span class='ocrx_word' id='word_1_454' title='bbox 1057 4901 1094 4962; x_wconf 85' lang='lat' dir='ltr'>cf.</span> <span class='ocrx_word' id='word_1_455' title='bbox 1112 4901 1150 4964; x_wconf 94' lang='lat' dir='ltr'>G.</span> <span class='ocrx_word' id='word_1_456' title='bbox 1169 4903 1207 4963; x_wconf 89' lang='lat' dir='ltr'>de</span> <span class='ocrx_word' id='word_1_457' title='bbox 1224 4903 1333 4981; x_wconf 89' lang='lat' dir='ltr'>Sibert,</span> <span class='ocrx_word' id='word_1_458' title='bbox 1351 4903 1429 4965; x_wconf 88' lang='lat' dir='ltr'>Hist.</span> 
     </span>
    </p>
   </div>
   <div class='ocr_carea' id='block_1_7' title="bbox 0 0 1706 5400">
    <p class='ocr_par' dir='ltr' id='par_1_7' title="bbox 0 0 1706 5400">
     <span class='ocr_line' id='line_1_50' title="bbox 0 0 1706 5400; baseline 0 0"><span class='ocrx_word' id='word_1_459' title='bbox 0 0 1706 5400; x_wconf 95' lang='lat' dir='ltr'> </span> 
     </span>
    </p>
   </div>
  </div>
 </body>
</html>
