3398 5400
656 365 735 436 regni
748 364 1010 439 Hierosolymitani.
1462 361 1496 436 87

192 569 336 649 losapbat
352 571 491 630 abbatem
508 586 537 629 et
553 584 739 630 conventum
755 568 802 627 vel
819 585 928 628 eorum
939 584 1168 648 procuratorem
1180 568 1210 627 in
1222 565 1413 647 corporalem
1424 585 1496 647 pos·

192 659 359 719 sessionem
378 659 423 718 vel
441 657 528 738 quasi
543 657 732 717 decimarum
755 657 902 716 casalium
925 657 1150 736 praedictorum
1173 656 1295 717 inducat
1313 654 1392 732 juxta
1409 673 1495 716 teno-

193 765 256 807 rem
275 763 303 807 et
320 747 449 807 formam
466 747 633 808 sententiae
651 747 726 806 latae
735 743 757 825 l)
781 742 901 825 (Revue
927 746 965 805 de
982 744 1113 806 l'Orient
1128 745 1177 805 lat.
1196 745 1258 822 Vll,
1275 766 1303 826 p.
1327 746 1495 820 188-189

193 836 225 896 in
242 837 300 897 No.
318 835 379 913 80).
1392 831 1497 892 1323Ι

286 920 303 988 1)
318 918 361 974 Cf.
376 919 434 973 RH.
449 918 504 974 No.
523 935 596 991 1313.

283 1059 302 1091 „
347 1014 433 1076 Febr.
450 1033 501 1094 23.
518 1014 612 1093 Legio
628 1030 659 1074 et
675 1014 838 1075 Tannoch.
862 1047 903 1056 —
928 1014 1081 1084 Albertus,
1098 1014 1181 1095 prior
1197 1012 1226 1075 S.
1243 1013 1356 1074 Mariae
1375 1012 1496 1074 Latinae

195 1105 392 1179 Acconensis,
410 1104 626 1185 inpraesentia
644 1102 762 1164 Girardi
789 1103 897 1163 notarii
925 1103 1039 1182 publici
1062 1120 1091 1163 et
1114 1103 1237 1164 testium
1253 1101 1497 1182 subscriptorum

194 1192 364 1268 confirmat,
379 1213 421 1268 se,
439 1210 472 1253 ut
489 1193 669 1253 mandatum
686 1192 895 1271 supradictum
908 1208 1084 1273 exequatur,
1102 1191 1280 1273 magistrum
1292 1191 1497 1269 Hugolinum,

194 1298 423 1363 procuratorem
441 1282 518 1342 Petri
536 1281 651 1342 abbatis
669 1281 700 1342 S.
715 1280 829 1342 Mariae
846 1282 884 1341 de
901 1282 978 1343 valle
994 1282 1148 1362 Josapbat,
1170 1280 1361 1362 Stephanum
1385 1296 1413 1340 et
1431 1280 1497 1341 Du-

193 1372 335 1445 randum,
360 1369 499 1448 ejusdem
525 1387 696 1431 conventus
723 1370 836 1447 fratres,
862 1389 964 1430 coram
991 1371 1143 1447 Johanne,
1168 1369 1197 1431 S.
1221 1368 1372 1430 Samuelis
1395 1368 1433 1430 Ο.
1452 1369 1497 1430 Ρ1.

193 1462 310 1532 abbate,
326 1460 470 1537 magistro
486 1460 612 1535 Jacobo,
628 1459 780 1520 canonico
797 1458 951 1541 Lyddensi
977 1476 1007 1521 et
1032 1479 1128 1541 papae
1144 1458 1264 1532 clerico,
1280 1457 1425 1538 magistro
1441 1458 1497 1519 Ni·

194 1548 281 1610 colao
300 1549 428 1625 notario,
445 1549 595 1626 Johanne,
611 1549 752 1608 scribano
768 1548 882 1609 domus
899 1548 1014 1609 Montis
1024 1549 1119 1629 Syon,
1135 1549 1275 1609 iohanne
1292 1543 1329 1608 de
1341 1547 1459 1608 Parisiis
1470 1562 1498 1606 et

193 1638 333 1721 pluribus
359 1638 424 1698 aliis
449 1638 575 1699 testibus
600 1638 632 1698 in
657 1637 847 1718 corporalem
873 1637 1099 1718 possessionem
1126 1638 1174 1698 vel
1197 1637 1286 1718 quasi
1311 1635 1497 1718 percipiendi

194 1727 327 1788 decimas
343 1727 489 1788 casalium
507 1727 616 1806 Aigion
633 1742 662 1786 et
677 1727 832 1787 Tannocb
850 1727 1014 1789 reduxisse.
1033 1761 1067 1770 —
1091 1725 1237 1789 Girardus
1250 1726 1414 1795 bonisano.
1426 1744 1497 1786 auc-

193 1817 311 1877 toritate
339 1815 496 1876 Romanae
522 1815 673 1877 Ecclesiae
700 1814 790 1892 judex
817 1830 846 1875 et
871 1815 1007 1879 notarius
1032 1816 1183 1896 publicus,
1208 1816 1348 1896 precibus
1373 1814 1498 1888 Alberti,

193 1905 357 1987 supradicti
366 1905 483 1985 prioris,
499 1904 616 1984 scripsit
633 1903 763 1984 ejusque
780 1903 881 1987 sigillo
892 1905 1024 1967 munivit
1041 1903 1160 1986 (Revue
1177 1906 1215 1966 de
1232 1904 1362 1966 l'Orient
1378 1904 1427 1964 lat.
1438 1903 1498 1980 Vll,

195 2014 223 2075 p.
246 1995 426 2072 188-190‚
443 1995 504 2056 No.
521 1993 581 2069 80).
1394 1987 1499 2051 1323b

285 2129 302 2160 „
348 2083 435 2144 Mart.
453 2103 480 2163 3.
500 2091 613 2144 Accon.
644 2116 686 2125 -
719 2082 832 2144 Charta
866 2082 989 2144 Radulsr
1015 2083 1054 2144 de
1079 2084 1192 2164 Beryto
1223 2082 1255 2143 io
1279 2084 1319 2143 D.
1344 2080 1425 2143 Cart.
1451 2081 1497 2157 ΙΙΙ,

194 2193 223 2255 p.
246 2174 425 2252 135-136,
442 2171 501 2235 No.
523 2186 623 2252 3213:
647 2173 737 2234 1266.
1410 2168 1499 2230 1324

284 2307 300 2337 ,.
345 2260 431 2341 April
446 2281 476 2338 4.
493 2267 608 2323 Accon.
631 2294 674 2304 —
698 2260 834 2340 Epistola
858 2261 1012 2335 Thomae,
1037 2261 1171 2343 episcopi
1195 2259 1444 2336 Bethlemitani,¹)
1470 2276 1499 2321 et

193 2350 327 2431 Templi,
354 2350 520 2433 Hospitalis
545 2366 573 2409 et
597 2349 867 2411 Theutonicorum
896 2350 1112 2431 magistrorum
1138 2351 1169 2412 in
1188 2350 1223 2411 D.
1239 2349 1321 2412 Cart.
1337 2348 1383 2426 ΙΙΙ,
1399 2369 1427 2431 p.
1446 2350 1498 2427 69,

195 2440 254 2501 No.
274 2459 367 2520 3059.
1411 2435 1499 2498 1325

286 2527 306 2587 1)
321 2523 351 2576 111
366 2524 498 2595 layettes
513 2523 551 2575 du
565 2521 657 2576 tre'sor
670 2522 720 2576 des
738 2522 849 2577 chartes
864 2523 911 2583 lV.
925 2540 953 2594 p.
966 2541 1009 2594 71,
1030 2525 1086 2578 No.
1100 2521 1168 2595 4865
1191 2534 1324 2593 excerpta
1345 2520 1499 2577 esscharte

193 2592 503 2720 ἷοὴῃοὲῗῐῖεῆῑυρτεῶεῐί,
517 2611 582 2665 qua,
592 2593 756 2664 Guigonem
766 2595 935 2649 Aucardum
951 2593 973 2648 ll
987 2611 1080 2650 annos
1094 2595 1120 2649 in
1135 2595 1224 2649 Terra
1238 2592 1342 2649 Sancta
1356 2592 1500 2663 militasse,

283 2789 301 2819 „
348 2740 417 2817 Maj.
437 2761 485 2822 31.
502 2742 595 2821 Apud
614 2740 729 2802 Urbem
746 2757 890 2804 veterem.
908 2773 951 2783 —-
970 2743 1114 2804 Urbanus
1125 2742 1164 2801 IV
1182 2736 1366 2823 G(uillelmo
1383 2735 1428 2822 ll),
1447 2761 1500 2820 pa·

192 2831 340 2892 triarchae
367 2830 660 2912 Hierosolymitano,
686 2830 836 2901 concedit,
861 2848 893 2891 ut
919 2831 957 2891 de
983 2832 1013 2892 S.
1030 2831 1150 2908 Aegidii
1177 2829 1302 2891 ecclesia
1318 2829 1500 2905 Acconensi,

193 2920 350 3002 capellano
367 2936 482 2980 rectore
500 2921 537 2980 de
554 2919 650 3000 ipsius
666 2920 792 2981 cedente
809 2920 854 2979 vel
872 2920 1049 2994 decedente,
1067 2920 1161 2980 libere
1178 2919 1300 2980 ordinet
1310 2934 1338 2979 et
1349 2918 1500 3001 disponat.

193 3009 339 3088 Magister
355 3009 438 3070 enim
458 3008 551 3082 Felix,
578 3008 754 3090 capellanus
779 3028 886 3090 papae,
913 3009 1025 3070 dictam
1051 3009 1223 3085 ecclesiam,
1246 3026 1326 3088 quae
1352 3008 1390 3068 ad
1408 3007 1499 3068 colla-

193 3099 310 3159 tionem
338 3098 525 3159 Acconensis
550 3098 687 3178 episcopi
719 3097 877 3158 dicebatur
908 3099 1069 3178 pertinere,
1094 3117 1147 3178 per
1173 3093 1402 3179 F(lorentium),
1426 3112 1500 3157 tunc

192 3188 375 3269 episcopum
392 3193 607 3248 Acconensem
625 3186 767 3264 electum,
785 3187 932 3248 canonice
944 3204 1112 3256 assecutus.
1129 3189 1181 3247 sed
1200 3186 1294 3267 paulo
1311 3202 1379 3266 post
1395 3186 1501 3246 multi-

192 3277 311 3359 pliciter
321 3278 498 3337 molestatus
510 3275 576 3345 fuit,
588 3277 641 3358 qui
653 3276 767 3339 scilicet
777 3276 905 3337 eandem
917 3276 1074 3338 ecclesiam
1085 3278 1122 3336 de
1136 3277 1213 3337 facto
1223 3276 1368 3354 magistro
1376 3275 1501 3350 lacobo,

193 3366 331 3446 scriptori
349 3384 454 3446 papae,
471 3366 601 3428 contulit
617 3382 645 3426 et
662 3365 876 3445 hospitalarios
893 3366 1028 3426 eundem
1047 3365 1209 3426 defendere
1226 3365 1321 3441 jussit,
1337 3383 1403 3445 quo
1421 3363 1500 3429 facto

192 3455 275 3516 idem
292 3454 374 3515 Felix
391 3454 593 3535 appellatione
617 3456 654 3515 ad
672 3455 781 3515 Sedem
801 3455 1011 3534 Apostolicam
1034 3452 1110 3515 facta
1127 3455 1285 3516 ecclesiam
1311 3454 1456 3532 magistro
1472 3468 1501 3513 et

194 3544 335 3606 fratribus
344 3543 469 3625 Templi
479 3546 536 3605 sub
547 3545 681 3624 quadam
693 3563 795 3605 annua
807 3545 957 3625 pensione
968 3545 1203 3615 commendavit,
1220 3544 1272 3623 qui
1285 3542 1449 3604 Alexandri
1460 3542 1500 3603 lV

194 3634 437 3714 praedecessoris
452 3634 629 3694 auctoritate
645 3634 678 3693 in
694 3653 769 3694 usus
785 3633 926 3714 proprios
942 3633 998 3693 sibi
1016 3633 1221 3694 vindicarunt.
1239 3633 1303 3694 Has
1319 3631 1410 3710 igitur
1426 3650 1499 3692 con-

194 3723 347 3785 cessiones
364 3738 393 3782 et
409 3722 626 3802 applicationes
642 3741 763 3784 cassans
779 3742 868 3803 papa,
886 3738 921 3782 ut
936 3742 1028 3803 supra
1039 3722 1155 3783 dictum
1167 3737 1220 3796 est,
1235 3721 1298 3783 steri
1315 3720 1398 3800 jubet
1409 3718 1499 3801 (neg.

194 3811 311 3875 Urbani
329 3811 368 3871 lV
384 3812 416 3871 in
432 3811 483 3872 No
515 3806 587 3893 193)
608 3809 628 3890 ).
1397 3807 1501 3868 1326Ι

284 3899 302 3960 ¹)
316 3893 360 3949 Cf.
374 3913 459 3966 supra
474 3895 525 3949 No.
545 3897 633 3965 rabo⁸.

283 4019 302 4045 „
349 3973 432 4051 Sept.
451 3973 479 4033 8.
494 4005 537 4014 -
554 3971 697 4032 Balianus
714 3972 751 4032 de
769 3971 898 4050 lbelino,
916 3972 1064 4033 dominus
1081 3973 1199 4042 Arsuri,
1218 3970 1366 4051 tiospitali
1385 3989 1500 4049 poenas

195 4061 396 4142 pecuniarias,
419 4060 533 4141 quibus
550 4061 667 4121 incolae
694 4061 824 4121 dominii
842 4061 959 4121 Arsurii
971 4060 992 4138 ¹)
1019 4061 1121 4141 aliqua
1145 4063 1183 4121 de
1210 4081 1298 4122 causa
1325 4060 1500 4134 multentur,

195 4151 291 4211 donat
307 4166 336 4211 et
367 4150 509 4211 concedit
533 4149 583 4228 (D.
600 4148 681 4211 Cart.
698 4149 743 4226 111,
759 4171 788 4231 p.
805 4170 947 4228 74—75,
974 4150 1033 4211 Na.
1053 4169 1153 4231 3071;
1181 4150 1296 4211 lavent.
1312 4171 1341 4229 p.
1358 4148 1499 4226 08—99,

194 4239 255 4301 No·
274 4235 406 4392 3111111οά
420 4322 553 4377 Balianus
568 4321 700 4376 fratribus
713 4322 869 4393 Hospitalis
882 4321 1049 4377 vendiderat
1062 4322 1109 4384 (cf.
1123 4340 1211 4393 supra
1223 4323 1277 4376 No.
1297 4340 1339 4393 131
1347 4235 1500 4392 plima

284 4465 302 4489 „
348 4416 428 4500 Sept.
448 4438 496 4498 3ο.
513 4424 629 4479 Accon.
647 4450 686 4460 —
707 4417 823 4478 Statura
839 4417 869 4477 in
886 4419 1020 4497 capitulo
1032 4419 1199 4500 Hospitalis
1209 4421 1246 4478 ab
1258 4418 1394 4498 Hugone
1407 4417 1500 4479 Revel

195 4508 388 4588 promulgata
405 4504 456 4586 (D.
472 4507 552 4568 Cart.
570 4506 616 4580 ΙΙΙ,
633 4526 661 4587 p.
679 4527 819 4585 75—77,
835 4507 896 4568 N0.
914 4505 1021 4586 3075).
1397 4501 1500 4565 1329b

285 4643 303 4673 „
348 4597 426 4658 Nor.
445 4616 493 4675 29.
521 4596 614 4677 Apud
631 4596 744 4657 Urbem
764 4597 915 4657 Veterem.
941 4630 984 4639 -
1010 4596 1156 4659 Urbanus
1183 4596 1222 4656 IV
1250 4596 1499 4674 controversiam,

195 4704 275 4767 quae
284 4686 360 4746 inter
369 4683 602 4763 lGuillelmuml,
612 4685 792 4766 episcopum
807 4687 1060 4762 Anteradensem,
1071 4686 1191 4747 fratrem
1202 4685 1321 4746 ordinis
1333 4685 1500 4760 Minorutn,

194 4774 326 4854 ejusque
343 4774 510 4854 capitulum
528 4795 564 4836 ex
579 4795 641 4839 una
657 4791 740 4855 parte
766 4791 795 4836 et
818 4790 997 4836 executores
1021 4773 1190 4836 testamenti
1208 4772 1386 4851 Gluillelmi
1404 4773 1500 4835 fratris

195 4863 441 4924 Praedicatorum
464 4860 505 4945 et)
529 4864 771 4944 praedecessoris
795 4863 933 4944 episcopi
950 4864 1181 4940 Anteradensis,
1204 4863 1346 4924 exaltem
1363 4879 1445 4944 parte
1462 4864 1499 4924 de
