<?xml version="1.0" encoding="UTF-8"?>
<!DOCTYPE html PUBLIC "-//W3C//DTD XHTML 1.0 Transitional//EN"
    "http://www.w3.org/TR/xhtml1/DTD/xhtml1-transitional.dtd">
<html xmlns="http://www.w3.org/1999/xhtml" xml:lang="en" lang="en">
 <head>
  <title>
</title>
<meta http-equiv="Content-Type" content="text/html;charset=utf-8" />
  <meta name='ocr-system' content='tesseract 3.04.00' />
  <meta name='ocr-capabilities' content='ocr_page ocr_carea ocr_par ocr_line ocrx_word'/>
</head>
<body>
  <div class='ocr_page' id='page_1' title='image "./regestaregnihie00rhgoog_0011.png"; bbox 0 0 3398 5400; ppageno 0'>
   <div class='ocr_carea' id='block_1_1' title="bbox 105 229 844 306">
    <p class='ocr_par' dir='ltr' id='par_1_1' title="bbox 105 229 844 306">
     <span class='ocr_line' id='line_1_1' title="bbox 105 229 844 306; baseline 0 -18"><span class='ocrx_word' id='word_1_1' title='bbox 105 256 123 302; x_wconf 86' lang='lat'>2</span> <span class='ocrx_word' id='word_1_2' title='bbox 669 229 844 306; x_wconf 84' lang='lat' dir='ltr'>Regesta</span> 
     </span>
    </p>
   </div>
   <div class='ocr_carea' id='block_1_2' title="bbox 105 450 1412 889">
    <p class='ocr_par' dir='ltr' id='par_1_2' title="bbox 105 450 1412 889">
     <span class='ocr_line' id='line_1_2' title="bbox 148 450 1410 535; baseline 0.005 -26"><span class='ocrx_word' id='word_1_3' title='bbox 148 450 255 531; x_wconf 85' lang='grc'>(1098</span> <span class='ocrx_word' id='word_1_4' title='bbox 271 452 330 513; x_wconf 90' lang='lat' dir='ltr'>Jul.</span> <span class='ocrx_word' id='word_1_5' title='bbox 358 451 498 529; x_wconf 81' lang='lat' dir='ltr'>ineunt).</span> <span class='ocrx_word' id='word_1_6' title='bbox 540 453 733 515; x_wconf 79' lang='lat' dir='ltr'>Antiochiae.</span> <span class='ocrx_word' id='word_1_7' title='bbox 764 487 808 497; x_wconf 97' lang='lat'>-</span> <span class='ocrx_word' id='word_1_8' title='bbox 840 454 1069 515; x_wconf 76' lang='lat' dir='ltr'>bohemundus</span> <span class='ocrx_word' id='word_1_9' title='bbox 1085 454 1107 531; x_wconf 94' lang='lat' dir='ltr'>l,</span> <span class='ocrx_word' id='word_1_10' title='bbox 1141 454 1349 535; x_wconf 83' lang='lat' dir='ltr'>Raymundus</span> <span class='ocrx_word' id='word_1_11' title='bbox 1372 455 1410 515; x_wconf 90' lang='lat' dir='ltr'>de</span> 
     </span>
     <span class='ocr_line' id='line_1_3' title="bbox 105 540 1410 622; baseline 0.002 -20"><span class='ocrx_word' id='word_1_12' title='bbox 105 540 136 603; x_wconf 89' lang='lat' dir='ltr'>S.</span> <span class='ocrx_word' id='word_1_13' title='bbox 154 542 297 620; x_wconf 86' lang='lat' dir='ltr'>Aegidio,</span> <span class='ocrx_word' id='word_1_14' title='bbox 322 540 524 603; x_wconf 88' lang='lat' dir='ltr'>Godolredus</span> <span class='ocrx_word' id='word_1_15' title='bbox 550 542 587 603; x_wconf 94' lang='lat' dir='ltr'>de</span> <span class='ocrx_word' id='word_1_16' title='bbox 613 542 761 604; x_wconf 91' lang='lat' dir='ltr'>Bulliono</span> <span class='ocrx_word' id='word_1_17' title='bbox 785 543 858 619; x_wconf 91' lang='lat' dir='ltr'>dux,</span> <span class='ocrx_word' id='word_1_18' title='bbox 881 558 912 604; x_wconf 91' lang='lat' dir='ltr'>et</span> <span class='ocrx_word' id='word_1_19' title='bbox 928 543 1025 622; x_wconf 88' lang='lat' dir='ltr'>Hugo</span> <span class='ocrx_word' id='word_1_20' title='bbox 1041 543 1190 604; x_wconf 90' lang='lat' dir='ltr'>omnibus</span> <span class='ocrx_word' id='word_1_21' title='bbox 1206 543 1410 605; x_wconf 87' lang='lat' dir='ltr'>christifideli-</span> 
     </span>
     <span class='ocr_line' id='line_1_4' title="bbox 106 630 1412 712; baseline 0.002 -21"><span class='ocrx_word' id='word_1_22' title='bbox 106 632 165 692; x_wconf 87' lang='lat' dir='ltr'>bus</span> <span class='ocrx_word' id='word_1_23' title='bbox 191 630 346 709; x_wconf 88' lang='lat' dir='ltr'>nuntiant,</span> <span class='ocrx_word' id='word_1_24' title='bbox 370 631 455 710; x_wconf 89' lang='lat' dir='ltr'>quod</span> <span class='ocrx_word' id='word_1_25' title='bbox 481 630 592 692; x_wconf 89' lang='lat' dir='ltr'>foedus</span> <span class='ocrx_word' id='word_1_26' title='bbox 617 651 688 692; x_wconf 89' lang='lat' dir='ltr'>cum</span> <span class='ocrx_word' id='word_1_27' title='bbox 706 632 816 694; x_wconf 80' lang='lat' dir='ltr'>Alexio</span> <span class='ocrx_word' id='word_1_28' title='bbox 842 632 978 707; x_wconf 85' lang='lat' dir='ltr'>fecerint,</span> <span class='ocrx_word' id='word_1_29' title='bbox 1003 651 1097 712; x_wconf 91' lang='lat' dir='ltr'>quam</span> <span class='ocrx_word' id='word_1_30' title='bbox 1123 632 1238 694; x_wconf 86' lang='lat' dir='ltr'>soniter</span> <span class='ocrx_word' id='word_1_31' title='bbox 1255 633 1366 694; x_wconf 84' lang='lat' dir='ltr'>Nicaea</span> <span class='ocrx_word' id='word_1_32' title='bbox 1383 649 1412 693; x_wconf 91' lang='lat' dir='ltr'>et</span> 
     </span>
     <span class='ocr_line' id='line_1_5' title="bbox 105 719 1411 803; baseline 0 -22"><span class='ocrx_word' id='word_1_33' title='bbox 105 719 270 782; x_wconf 84' lang='lat' dir='ltr'>Antiochia</span> <span class='ocrx_word' id='word_1_34' title='bbox 291 719 379 800; x_wconf 91' lang='lat' dir='ltr'>potiti</span> <span class='ocrx_word' id='word_1_35' title='bbox 404 719 544 781; x_wconf 85' lang='lat' dir='ltr'>infideles</span> <span class='ocrx_word' id='word_1_36' title='bbox 563 721 646 801; x_wconf 89' lang='lat' dir='ltr'>apud</span> <span class='ocrx_word' id='word_1_37' title='bbox 664 721 854 803; x_wconf 85' lang='lat' dir='ltr'>Dorylaeum</span> <span class='ocrx_word' id='word_1_38' title='bbox 872 738 901 782; x_wconf 91' lang='lat' dir='ltr'>et</span> <span class='ocrx_word' id='word_1_39' title='bbox 917 722 1117 801; x_wconf 87' lang='lat' dir='ltr'>Kerbogham</span> <span class='ocrx_word' id='word_1_40' title='bbox 1135 722 1304 803; x_wconf 87' lang='lat' dir='ltr'>principem</span> <span class='ocrx_word' id='word_1_41' title='bbox 1323 722 1411 800; x_wconf 82' lang='lat' dir='ltr'>fuga-</span> 
     </span>
     <span class='ocr_line' id='line_1_6' title="bbox 106 808 1412 889; baseline 0.001 -22"><span class='ocrx_word' id='word_1_42' title='bbox 106 809 206 872; x_wconf 83' lang='lat' dir='ltr'>verint</span> <span class='ocrx_word' id='word_1_43' title='bbox 222 808 379 885; x_wconf 90' lang='lat' dir='ltr'>(Archives</span> <span class='ocrx_word' id='word_1_44' title='bbox 396 808 417 885; x_wconf 92' lang='lat' dir='ltr'>l,</span> <span class='ocrx_word' id='word_1_45' title='bbox 436 828 465 889; x_wconf 91' lang='lat' dir='ltr'>p.</span> <span class='ocrx_word' id='word_1_46' title='bbox 490 811 670 889; x_wconf 79' lang='lat'>175-176,</span> <span class='ocrx_word' id='word_1_47' title='bbox 695 812 755 871; x_wconf 83' lang='lat' dir='ltr'>Nu.</span> <span class='ocrx_word' id='word_1_48' title='bbox 780 810 859 886; x_wconf 79' lang='lat' dir='ltr'>ror).</span> <span class='ocrx_word' id='word_1_49' title='bbox 1369 809 1412 869; x_wconf 88' lang='lat'>10</span> 
     </span>
    </p>
   </div>
   <div class='ocr_carea' id='block_1_3' title="bbox 103 924 1411 1186">
    <p class='ocr_par' dir='ltr' id='par_1_3' title="bbox 103 924 1411 1186">
     <span class='ocr_line' id='line_1_7' title="bbox 148 924 1411 1005; baseline 0.002 -20"><span class='ocrx_word' id='word_1_50' title='bbox 148 924 160 1002; x_wconf 88' lang='lat'>(</span> <span class='ocrx_word' id='word_1_51' title='bbox 206 971 225 1000; x_wconf 90' lang='lat'>‚,</span> <span class='ocrx_word' id='word_1_52' title='bbox 272 941 341 1005; x_wconf 93' lang='lat' dir='ltr'>post</span> <span class='ocrx_word' id='word_1_53' title='bbox 355 925 415 985; x_wconf 89' lang='lat' dir='ltr'>lul.</span> <span class='ocrx_word' id='word_1_54' title='bbox 435 926 468 1000; x_wconf 96' lang='grc'>1).</span> <span class='ocrx_word' id='word_1_55' title='bbox 487 925 927 989; x_wconf 77' lang='lat' dir='ltr'>Antiochiae-balduinus</span> <span class='ocrx_word' id='word_1_56' title='bbox 944 927 981 987; x_wconf 93' lang='lat' dir='ltr'>de</span> <span class='ocrx_word' id='word_1_57' title='bbox 999 927 1104 1005; x_wconf 83' lang='lat' dir='ltr'>Bnrgo</span> <span class='ocrx_word' id='word_1_58' title='bbox 1122 927 1292 1001; x_wconf 88' lang='lat' dir='ltr'>Manassae,</span> <span class='ocrx_word' id='word_1_59' title='bbox 1313 926 1411 987; x_wconf 88' lang='lat' dir='ltr'>archi-</span> 
     </span>
     <span class='ocr_line' id='line_1_8' title="bbox 104 1014 1409 1098; baseline 0 -23"><span class='ocrx_word' id='word_1_60' title='bbox 104 1014 253 1096; x_wconf 86' lang='lat' dir='ltr'>episcopo</span> <span class='ocrx_word' id='word_1_61' title='bbox 273 1014 431 1089; x_wconf 90' lang='lat' dir='ltr'>Remensi,</span> <span class='ocrx_word' id='word_1_62' title='bbox 456 1014 586 1091; x_wconf 89' lang='lat' dir='ltr'>nuntiat,</span> <span class='ocrx_word' id='word_1_63' title='bbox 613 1016 778 1094; x_wconf 89' lang='lat' dir='ltr'>quomodo</span> <span class='ocrx_word' id='word_1_64' title='bbox 801 1015 955 1077; x_wconf 92' lang='lat' dir='ltr'>christiani</span> <span class='ocrx_word' id='word_1_65' title='bbox 974 1015 1139 1077; x_wconf 90' lang='lat' dir='ltr'>Antiochia</span> <span class='ocrx_word' id='word_1_66' title='bbox 1163 1032 1247 1098; x_wconf 88' lang='lat' dir='ltr'>capta</span> <span class='ocrx_word' id='word_1_67' title='bbox 1273 1017 1409 1077; x_wconf 86' lang='lat' dir='ltr'>lanceam</span> 
     </span>
     <span class='ocr_line' id='line_1_9' title="bbox 103 1103 1406 1186; baseline -0.002 -21"><span class='ocrx_word' id='word_1_68' title='bbox 103 1122 219 1165; x_wconf 90' lang='lat' dir='ltr'>sacram</span> <span class='ocrx_word' id='word_1_69' title='bbox 237 1103 405 1185; x_wconf 87' lang='lat' dir='ltr'>repererint</span> <span class='ocrx_word' id='word_1_70' title='bbox 421 1119 451 1164; x_wconf 93' lang='lat' dir='ltr'>et</span> <span class='ocrx_word' id='word_1_71' title='bbox 469 1104 667 1183; x_wconf 84' lang='lat' dir='ltr'>Kerbogham</span> <span class='ocrx_word' id='word_1_72' title='bbox 687 1104 815 1165; x_wconf 85' lang='lat' dir='ltr'>vicerint</span> <span class='ocrx_word' id='word_1_73' title='bbox 831 1104 988 1181; x_wconf 79' lang='lat' dir='ltr'>(Archives</span> <span class='ocrx_word' id='word_1_74' title='bbox 1005 1105 1026 1181; x_wconf 99' lang='grc' dir='ltr'>Ι,</span> <span class='ocrx_word' id='word_1_75' title='bbox 1045 1125 1074 1186; x_wconf 92' lang='lat' dir='ltr'>p.</span> <span class='ocrx_word' id='word_1_76' title='bbox 1090 1107 1159 1182; x_wconf 85' lang='lat'>187,</span> <span class='ocrx_word' id='word_1_77' title='bbox 1178 1106 1237 1167; x_wconf 92' lang='grc' dir='ltr'>Νο.</span> <span class='ocrx_word' id='word_1_78' title='bbox 1261 1106 1340 1182; x_wconf 93' lang='grc'>118).</span> <span class='ocrx_word' id='word_1_79' title='bbox 1370 1104 1406 1163; x_wconf 93' lang='lat' dir='ltr'>ll</span> 
     </span>
    </p>
   </div>
   <div class='ocr_carea' id='block_1_4' title="bbox 206 1218 1411 1302">
    <p class='ocr_par' dir='ltr' id='par_1_4' title="bbox 206 1218 1411 1302">
     <span class='ocr_line' id='line_1_10' title="bbox 206 1218 1411 1302; baseline 0 -22"><span class='ocrx_word' id='word_1_80' title='bbox 206 1264 225 1294; x_wconf 88' lang='lat'>‚,</span> <span class='ocrx_word' id='word_1_81' title='bbox 272 1219 330 1280; x_wconf 92' lang='lat' dir='ltr'>Jul.</span> <span class='ocrx_word' id='word_1_82' title='bbox 355 1239 402 1298; x_wconf 89' lang='lat'>14,</span> <span class='ocrx_word' id='word_1_83' title='bbox 428 1218 491 1280; x_wconf 91' lang='lat' dir='ltr'>ind.</span> <span class='ocrx_word' id='word_1_84' title='bbox 517 1219 566 1282; x_wconf 93' lang='lat' dir='ltr'>Vl.</span> <span class='ocrx_word' id='word_1_85' title='bbox 600 1255 638 1262; x_wconf 92' lang='lat'><strong>—</strong></span> <span class='ocrx_word' id='word_1_86' title='bbox 672 1221 877 1281; x_wconf 90' lang='lat' dir='ltr'>Boemundus</span> <span class='ocrx_word' id='word_1_87' title='bbox 903 1220 924 1293; x_wconf 85' lang='lat'>1,</span> <span class='ocrx_word' id='word_1_88' title='bbox 952 1221 1298 1302; x_wconf 86' lang='lat' dir='ltr'>RobertiGuisquardi,</span> <span class='ocrx_word' id='word_1_89' title='bbox 1324 1221 1411 1281; x_wconf 93' lang='lat' dir='ltr'>ducis</span> 
     </span>
    </p>
   </div>
   <div class='ocr_carea' id='block_1_5' title="bbox 104 1307 1412 2286">
    <p class='ocr_par' dir='ltr' id='par_1_5' title="bbox 104 1307 1412 2197">
     <span class='ocr_line' id='line_1_11' title="bbox 106 1307 1412 1389; baseline 0 -19"><span class='ocrx_word' id='word_1_90' title='bbox 106 1309 248 1389; x_wconf 83' lang='lat' dir='ltr'>Apuliae,</span> <span class='ocrx_word' id='word_1_91' title='bbox 273 1307 365 1385; x_wconf 85' lang='lat' dir='ltr'>filius,</span> <span class='ocrx_word' id='word_1_92' title='bbox 392 1308 540 1369; x_wconf 90' lang='lat' dir='ltr'>omnibus</span> <span class='ocrx_word' id='word_1_93' title='bbox 563 1308 745 1370; x_wconf 92' lang='lat' dir='ltr'>hominibus</span> <span class='ocrx_word' id='word_1_94' title='bbox 768 1310 884 1371; x_wconf 89' lang='lat' dir='ltr'>Januae</span> <span class='ocrx_word' id='word_1_95' title='bbox 908 1309 940 1370; x_wconf 94' lang='lat' dir='ltr'>in</span> <span class='ocrx_word' id='word_1_96' title='bbox 964 1310 1081 1372; x_wconf 89' lang='lat' dir='ltr'>civitate</span> <span class='ocrx_word' id='word_1_97' title='bbox 1105 1310 1289 1371; x_wconf 87' lang='lat' dir='ltr'>Antiochiae</span> <span class='ocrx_word' id='word_1_98' title='bbox 1316 1311 1412 1371; x_wconf 90' lang='lat' dir='ltr'>eccle-</span> 
     </span>
     <span class='ocr_line' id='line_1_12' title="bbox 104 1397 1411 1479; baseline -0.001 -20"><span class='ocrx_word' id='word_1_99' title='bbox 104 1398 181 1459; x_wconf 89' lang='lat' dir='ltr'>siam</span> <span class='ocrx_word' id='word_1_100' title='bbox 205 1398 235 1459; x_wconf 89' lang='lat' dir='ltr'>S.</span> <span class='ocrx_word' id='word_1_101' title='bbox 251 1397 401 1459; x_wconf 86' lang='lat' dir='ltr'>Johanuis</span> <span class='ocrx_word' id='word_1_102' title='bbox 419 1397 451 1458; x_wconf 91' lang='lat' dir='ltr'>in</span> <span class='ocrx_word' id='word_1_103' title='bbox 467 1413 556 1457; x_wconf 87' lang='lat' dir='ltr'>strata</span> <span class='ocrx_word' id='word_1_104' title='bbox 580 1398 679 1475; x_wconf 87' lang='lat' dir='ltr'>sitam,</span> <span class='ocrx_word' id='word_1_105' title='bbox 703 1418 766 1479; x_wconf 92' lang='lat' dir='ltr'>qua</span> <span class='ocrx_word' id='word_1_106' title='bbox 789 1414 871 1460; x_wconf 93' lang='lat' dir='ltr'>recto</span> <span class='ocrx_word' id='word_1_107' title='bbox 894 1399 1013 1460; x_wconf 90' lang='lat' dir='ltr'>tramite</span> <span class='ocrx_word' id='word_1_108' title='bbox 1041 1401 1079 1460; x_wconf 92' lang='lat' dir='ltr'>ad</span> <span class='ocrx_word' id='word_1_109' title='bbox 1102 1399 1259 1461; x_wconf 86' lang='lat' dir='ltr'>basilicam</span> <span class='ocrx_word' id='word_1_110' title='bbox 1283 1399 1313 1460; x_wconf 89' lang='lat' dir='ltr'>S.</span> <span class='ocrx_word' id='word_1_111' title='bbox 1332 1399 1411 1459; x_wconf 89' lang='lat' dir='ltr'>Petri</span> 
     </span>
     <span class='ocr_line' id='line_1_13' title="bbox 104 1486 1412 1570; baseline -0.001 -22"><span class='ocrx_word' id='word_1_112' title='bbox 104 1487 251 1563; x_wconf 86' lang='lat' dir='ltr'>tenditur,</span> <span class='ocrx_word' id='word_1_113' title='bbox 275 1505 346 1547; x_wconf 88' lang='lat' dir='ltr'>cum</span> <span class='ocrx_word' id='word_1_114' title='bbox 365 1486 510 1562; x_wconf 88' lang='lat' dir='ltr'>lundaco,</span> <span class='ocrx_word' id='word_1_115' title='bbox 537 1504 632 1567; x_wconf 91' lang='lat' dir='ltr'>puteo</span> <span class='ocrx_word' id='word_1_116' title='bbox 649 1504 678 1548; x_wconf 91' lang='lat' dir='ltr'>et</span> <span class='ocrx_word' id='word_1_117' title='bbox 693 1488 781 1549; x_wconf 87' lang='lat' dir='ltr'>XXX</span> <span class='ocrx_word' id='word_1_118' title='bbox 797 1489 954 1565; x_wconf 86' lang='lat' dir='ltr'>domibus,</span> <span class='ocrx_word' id='word_1_119' title='bbox 981 1507 1060 1568; x_wconf 88' lang='lat' dir='ltr'>quae</span> <span class='ocrx_word' id='word_1_120' title='bbox 1077 1489 1197 1550; x_wconf 91' lang='lat' dir='ltr'>suntin</span> <span class='ocrx_word' id='word_1_121' title='bbox 1215 1488 1312 1570; x_wconf 92' lang='lat' dir='ltr'>platea</span> <span class='ocrx_word' id='word_1_122' title='bbox 1329 1486 1412 1563; x_wconf 85' lang='lat' dir='ltr'>juxta</span> 
     </span>
     <span class='ocr_line' id='line_1_14' title="bbox 105 1575 1412 1659; baseline 0 -22"><span class='ocrx_word' id='word_1_123' title='bbox 105 1576 272 1658; x_wconf 88' lang='lat' dir='ltr'>praelatam</span> <span class='ocrx_word' id='word_1_124' title='bbox 298 1575 467 1653; x_wconf 81' lang='lat' dir='ltr'>ecclesiam,</span> <span class='ocrx_word' id='word_1_125' title='bbox 492 1595 564 1637; x_wconf 93' lang='lat' dir='ltr'>cum</span> <span class='ocrx_word' id='word_1_126' title='bbox 591 1577 783 1659; x_wconf 89' lang='lat' dir='ltr'>pertinentiis</span> <span class='ocrx_word' id='word_1_127' title='bbox 813 1578 954 1639; x_wconf 89' lang='lat' dir='ltr'>concedit</span> <span class='ocrx_word' id='word_1_128' title='bbox 981 1594 1011 1639; x_wconf 89' lang='lat' dir='ltr'>et</span> <span class='ocrx_word' id='word_1_129' title='bbox 1035 1597 1145 1639; x_wconf 92' lang='lat' dir='ltr'>omnes</span> <span class='ocrx_word' id='word_1_130' title='bbox 1169 1577 1412 1639; x_wconf 90' lang='lat' dir='ltr'>consuetudines</span> 
     </span>
     <span class='ocr_line' id='line_1_15' title="bbox 106 1665 1412 1748; baseline -0.001 -21"><span class='ocrx_word' id='word_1_131' title='bbox 106 1685 244 1746; x_wconf 90' lang='lat' dir='ltr'>ususque</span> <span class='ocrx_word' id='word_1_132' title='bbox 261 1665 393 1726; x_wconf 91' lang='lat' dir='ltr'>dimittit.</span> <span class='ocrx_word' id='word_1_133' title='bbox 421 1699 463 1708; x_wconf 91' lang='lat'><em>-</em></span> <span class='ocrx_word' id='word_1_134' title='bbox 488 1666 705 1743; x_wconf 90' lang='lat' dir='ltr'>Boemundus,</span> <span class='ocrx_word' id='word_1_135' title='bbox 729 1667 895 1748; x_wconf 88' lang='lat' dir='ltr'>episcopus</span> <span class='ocrx_word' id='word_1_136' title='bbox 912 1667 1078 1743; x_wconf 87' lang='lat' dir='ltr'>Adrianus,</span> <span class='ocrx_word' id='word_1_137' title='bbox 1097 1668 1251 1729; x_wconf 86' lang='lat' dir='ltr'>Robertus</span> <span class='ocrx_word' id='word_1_138' title='bbox 1268 1667 1305 1727; x_wconf 91' lang='lat' dir='ltr'>de</span> <span class='ocrx_word' id='word_1_139' title='bbox 1323 1665 1412 1727; x_wconf 89' lang='lat' dir='ltr'>Surla</span> 
     </span>
     <span class='ocr_line' id='line_1_16' title="bbox 105 1755 1411 1837; baseline 0.001 -22"><span class='ocrx_word' id='word_1_140' title='bbox 105 1755 190 1816; x_wconf 88' lang='lat' dir='ltr'>Valle</span> <span class='ocrx_word' id='word_1_141' title='bbox 205 1756 236 1832; x_wconf 84' lang='lat'>¹),</span> <span class='ocrx_word' id='word_1_142' title='bbox 254 1756 408 1815; x_wconf 89' lang='lat' dir='ltr'>Robertus</span> <span class='ocrx_word' id='word_1_143' title='bbox 424 1755 462 1816; x_wconf 92' lang='lat' dir='ltr'>de</span> <span class='ocrx_word' id='word_1_144' title='bbox 479 1760 576 1833; x_wconf 88' lang='lat' dir='ltr'>Anza,</span> <span class='ocrx_word' id='word_1_145' title='bbox 594 1756 783 1837; x_wconf 89' lang='lat' dir='ltr'>Rodulphus</span> <span class='ocrx_word' id='word_1_146' title='bbox 801 1756 912 1833; x_wconf 84' lang='lat' dir='ltr'>Rufus,</span> <span class='ocrx_word' id='word_1_147' title='bbox 924 1757 1050 1819; x_wconf 91' lang='lat' dir='ltr'>Boellus</span> <span class='ocrx_word' id='word_1_148' title='bbox 1066 1758 1104 1818; x_wconf 91' lang='lat' dir='ltr'>de</span> <span class='ocrx_word' id='word_1_149' title='bbox 1121 1758 1248 1819; x_wconf 87' lang='lat' dir='ltr'>Carrato</span> <span class='ocrx_word' id='word_1_150' title='bbox 1265 1756 1411 1835; x_wconf 83' lang='lat' dir='ltr'>(Ughelli,</span> 
     </span>
     <span class='ocr_line' id='line_1_17' title="bbox 106 1844 1412 1928; baseline 0.001 -23"><span class='ocrx_word' id='word_1_151' title='bbox 106 1845 187 1905; x_wconf 90' lang='lat' dir='ltr'>ltalia</span> <span class='ocrx_word' id='word_1_152' title='bbox 210 1864 293 1905; x_wconf 89' lang='lat' dir='ltr'>sacra</span> <span class='ocrx_word' id='word_1_153' title='bbox 317 1844 368 1919; x_wconf 84' lang='lat' dir='ltr'>lV,</span> <span class='ocrx_word' id='word_1_154' title='bbox 392 1864 422 1926; x_wconf 93' lang='lat' dir='ltr'>p.</span> <span class='ocrx_word' id='word_1_155' title='bbox 439 1845 633 1924; x_wconf 77' lang='grc'>846-847;</span> <span class='ocrx_word' id='word_1_156' title='bbox 658 1845 777 1922; x_wconf 80' lang='lat' dir='ltr'>Lunig,</span> <span class='ocrx_word' id='word_1_157' title='bbox 800 1847 879 1908; x_wconf 94' lang='lat' dir='ltr'>Cod.</span> <span class='ocrx_word' id='word_1_158' title='bbox 897 1846 1027 1928; x_wconf 93' lang='lat' dir='ltr'>diplom.</span> <span class='ocrx_word' id='word_1_159' title='bbox 1045 1846 1108 1906; x_wconf 90' lang='lat' dir='ltr'>ltal.</span> <span class='ocrx_word' id='word_1_160' title='bbox 1126 1846 1149 1906; x_wconf 98' lang='lat' dir='ltr'>ll</span> <span class='ocrx_word' id='word_1_161' title='bbox 1167 1847 1201 1922; x_wconf 90' lang='lat' dir='ltr'>B,</span> <span class='ocrx_word' id='word_1_162' title='bbox 1226 1865 1255 1926; x_wconf 88' lang='lat' dir='ltr'>p.</span> <span class='ocrx_word' id='word_1_163' title='bbox 1276 1847 1412 1907; x_wconf 84' lang='lat'>2081-</span> 
     </span>
     <span class='ocr_line' id='line_1_18' title="bbox 108 1932 1411 2016; baseline -0.002 -20"><span class='ocrx_word' id='word_1_164' title='bbox 108 1938 203 2011; x_wconf 64' lang='lat'>2085,</span> <span class='ocrx_word' id='word_1_165' title='bbox 220 1933 281 1995; x_wconf 94' lang='lat' dir='ltr'>No.</span> <span class='ocrx_word' id='word_1_166' title='bbox 303 1950 337 2013; x_wconf 79' lang='lat'>33</span> <span class='ocrx_word' id='word_1_167' title='bbox 355 1932 484 2014; x_wconf 89' lang='lat' dir='ltr'>Ferrari,</span> <span class='ocrx_word' id='word_1_168' title='bbox 502 1933 545 1994; x_wconf 89' lang='lat' dir='ltr'>La</span> <span class='ocrx_word' id='word_1_169' title='bbox 562 1934 687 2016; x_wconf 91' lang='lat' dir='ltr'>Liguria</span> <span class='ocrx_word' id='word_1_170' title='bbox 703 1934 879 2011; x_wconf 84' lang='lat' dir='ltr'>trionfante,</span> <span class='ocrx_word' id='word_1_171' title='bbox 898 1955 927 2016; x_wconf 91' lang='lat' dir='ltr'>p.</span> <span class='ocrx_word' id='word_1_172' title='bbox 947 1951 1003 2014; x_wconf 85' lang='lat'>25;</span> <span class='ocrx_word' id='word_1_173' title='bbox 1029 1933 1135 2014; x_wconf 75' lang='lat' dir='ltr'>Negti,</span> <span class='ocrx_word' id='word_1_174' title='bbox 1153 1935 1255 1996; x_wconf 87' lang='lat' dir='ltr'>Prima</span> <span class='ocrx_word' id='word_1_175' title='bbox 1271 1935 1411 2010; x_wconf 84' lang='lat' dir='ltr'>cruciata,</span> 
     </span>
     <span class='ocr_line' id='line_1_19' title="bbox 106 2022 1411 2105; baseline 0 -21"><span class='ocrx_word' id='word_1_176' title='bbox 106 2044 136 2105; x_wconf 96' lang='lat' dir='ltr'>p.</span> <span class='ocrx_word' id='word_1_177' title='bbox 149 2040 207 2104; x_wconf 87' lang='lat'>99;</span> <span class='ocrx_word' id='word_1_178' title='bbox 225 2023 313 2084; x_wconf 86' lang='lat' dir='ltr'>Serra</span> <span class='ocrx_word' id='word_1_179' title='bbox 331 2022 381 2099; x_wconf 89' lang='lat' dir='ltr'>lV,</span> <span class='ocrx_word' id='word_1_180' title='bbox 400 2041 429 2103; x_wconf 91' lang='lat' dir='ltr'>p.</span> <span class='ocrx_word' id='word_1_181' title='bbox 446 2025 636 2104; x_wconf 85' lang='grc'>147-148;</span> <span class='ocrx_word' id='word_1_182' title='bbox 658 2024 696 2085; x_wconf 86' lang='lat' dir='ltr'>cf.</span> <span class='ocrx_word' id='word_1_183' title='bbox 715 2024 850 2085; x_wconf 87' lang='lat' dir='ltr'>Fanucci</span> <span class='ocrx_word' id='word_1_184' title='bbox 866 2024 887 2100; x_wconf 93' lang='grc' dir='ltr'>Ι,</span> <span class='ocrx_word' id='word_1_185' title='bbox 906 2045 933 2105; x_wconf 92' lang='lat' dir='ltr'>p.</span> <span class='ocrx_word' id='word_1_186' title='bbox 951 2041 1026 2104; x_wconf 86' lang='grc'>141;</span> <span class='ocrx_word' id='word_1_187' title='bbox 1044 2024 1164 2086; x_wconf 84' lang='lat' dir='ltr'>Societti</span> <span class='ocrx_word' id='word_1_188' title='bbox 1180 2024 1305 2105; x_wconf 83' lang='lat' dir='ltr'>Ligure,</span> <span class='ocrx_word' id='word_1_189' title='bbox 1317 2024 1379 2084; x_wconf 93' lang='lat' dir='ltr'>Atti</span> <span class='ocrx_word' id='word_1_190' title='bbox 1390 2024 1411 2100; x_wconf 96' lang='grc' dir='ltr'>Ι,</span> 
     </span>
     <span class='ocr_line' id='line_1_20' title="bbox 108 2111 1411 2197; baseline -0.002 -22"><span class='ocrx_word' id='word_1_191' title='bbox 108 2113 286 2197; x_wconf 81' lang='lat' dir='ltr'>p.63-64;</span> <span class='ocrx_word' id='word_1_192' title='bbox 304 2112 397 2174; x_wconf 89' lang='lat' dir='ltr'>Gesta</span> <span class='ocrx_word' id='word_1_193' title='bbox 405 2111 609 2191; x_wconf 89' lang='lat' dir='ltr'>Francorum,</span> <span class='ocrx_word' id='word_1_194' title='bbox 620 2115 668 2174; x_wconf 91' lang='lat' dir='ltr'>ed.</span> <span class='ocrx_word' id='word_1_195' title='bbox 680 2112 909 2195; x_wconf 89' lang='lat' dir='ltr'>Hagenmeyer,</span> <span class='ocrx_word' id='word_1_196' title='bbox 920 2134 951 2196; x_wconf 95' lang='lat' dir='ltr'>p.</span> <span class='ocrx_word' id='word_1_197' title='bbox 962 2135 970 2174; x_wconf 98' lang='grc'>1</span> <span class='ocrx_word' id='word_1_198' title='bbox 981 2133 1036 2194; x_wconf 79' lang='grc'>54;</span> <span class='ocrx_word' id='word_1_199' title='bbox 1055 2115 1145 2195; x_wconf 89' lang='lat' dir='ltr'>Heyd</span> <span class='ocrx_word' id='word_1_200' title='bbox 1158 2114 1179 2192; x_wconf 97' lang='lat' dir='ltr'>l,</span> <span class='ocrx_word' id='word_1_201' title='bbox 1197 2133 1226 2194; x_wconf 96' lang='lat' dir='ltr'>p.</span> <span class='ocrx_word' id='word_1_202' title='bbox 1243 2130 1311 2195; x_wconf 79' lang='lat'>134,</span> <span class='ocrx_word' id='word_1_203' title='bbox 1330 2112 1411 2192; x_wconf 83' lang='lat'>¹50)-</span> 
     </span>
    </p>

    <p class='ocr_par' dir='ltr' id='par_1_6' title="bbox 181 2199 1412 2286">
     <span class='ocr_line' id='line_1_21' title="bbox 181 2199 1412 2286; baseline 0.001 -18"><span class='ocrx_word' id='word_1_204' title='bbox 181 2218 201 2283; x_wconf 90' lang='lat'>¹)</span> <span class='ocrx_word' id='word_1_205' title='bbox 220 2215 306 2286; x_wconf 85' lang='lat' dir='ltr'>l.eg.:</span> <span class='ocrx_word' id='word_1_206' title='bbox 326 2212 420 2270; x_wconf 92' lang='lat' dir='ltr'>Surda</span> <span class='ocrx_word' id='word_1_207' title='bbox 439 2213 518 2269; x_wconf 90' lang='lat' dir='ltr'>valle.</span> <span class='ocrx_word' id='word_1_208' title='bbox 1370 2199 1412 2261; x_wconf 79' lang='lat'>¹2</span> 
     </span>
    </p>
   </div>
   <div class='ocr_carea' id='block_1_6' title="bbox 106 2316 1413 2577">
    <p class='ocr_par' dir='ltr' id='par_1_7' title="bbox 106 2316 1413 2577">
     <span class='ocr_line' id='line_1_22' title="bbox 151 2316 1413 2399; baseline 0.001 -21"><span class='ocrx_word' id='word_1_209' title='bbox 151 2319 162 2396; x_wconf 94' lang='lat'>(</span> <span class='ocrx_word' id='word_1_210' title='bbox 207 2363 227 2395; x_wconf 93' lang='lat'>„</span> <span class='ocrx_word' id='word_1_211' title='bbox 273 2318 353 2393; x_wconf 83' lang='lat' dir='ltr'>Jul.).</span> <span class='ocrx_word' id='word_1_212' title='bbox 388 2317 579 2378; x_wconf 87' lang='lat' dir='ltr'>Antiochiae.</span> <span class='ocrx_word' id='word_1_213' title='bbox 611 2351 653 2359; x_wconf 91' lang='lat'><strong>—</strong></span> <span class='ocrx_word' id='word_1_214' title='bbox 678 2316 835 2399; x_wconf 88' lang='lat' dir='ltr'>Principes</span> <span class='ocrx_word' id='word_1_215' title='bbox 860 2318 1009 2378; x_wconf 82' lang='lat' dir='ltr'>exercitus</span> <span class='ocrx_word' id='word_1_216' title='bbox 1040 2317 1278 2379; x_wconf 86' lang='lat' dir='ltr'>christianorum</span> <span class='ocrx_word' id='word_1_217' title='bbox 1304 2318 1413 2379; x_wconf 87' lang='lat' dir='ltr'>Alexio</span> 
     </span>
     <span class='ocr_line' id='line_1_23' title="bbox 107 2406 1412 2490; baseline -0.001 -21"><span class='ocrx_word' id='word_1_218' title='bbox 107 2408 284 2490; x_wconf 88' lang='lat' dir='ltr'>imperatori</span> <span class='ocrx_word' id='word_1_219' title='bbox 297 2406 450 2483; x_wconf 84' lang='lat' dir='ltr'>nuntiant,</span> <span class='ocrx_word' id='word_1_220' title='bbox 467 2426 499 2467; x_wconf 88' lang='lat' dir='ltr'>se</span> <span class='ocrx_word' id='word_1_221' title='bbox 516 2406 716 2468; x_wconf 90' lang='lat' dir='ltr'>Antiochiam</span> <span class='ocrx_word' id='word_1_222' title='bbox 732 2406 860 2487; x_wconf 87' lang='lat' dir='ltr'>cepisse,</span> <span class='ocrx_word' id='word_1_223' title='bbox 877 2422 1030 2487; x_wconf 82' lang='lat' dir='ltr'>rogantes,</span> <span class='ocrx_word' id='word_1_224' title='bbox 1049 2422 1082 2468; x_wconf 94' lang='lat' dir='ltr'>ut</span> <span class='ocrx_word' id='word_1_225' title='bbox 1092 2423 1217 2488; x_wconf 91' lang='lat' dir='ltr'>pactum</span> <span class='ocrx_word' id='word_1_226' title='bbox 1234 2407 1312 2468; x_wconf 91' lang='lat' dir='ltr'>inter</span> <span class='ocrx_word' id='word_1_227' title='bbox 1329 2408 1412 2487; x_wconf 89' lang='lat' dir='ltr'>ipsos</span> 
     </span>
     <span class='ocr_line' id='line_1_24' title="bbox 106 2493 1412 2577; baseline -0.004 -19"><span class='ocrx_word' id='word_1_228' title='bbox 106 2498 211 2558; x_wconf 91' lang='lat' dir='ltr'>valens</span> <span class='ocrx_word' id='word_1_229' title='bbox 231 2496 359 2556; x_wconf 83' lang='lat' dir='ltr'>fideliter</span> <span class='ocrx_word' id='word_1_230' title='bbox 375 2512 474 2557; x_wconf 90' lang='lat' dir='ltr'>servet</span> <span class='ocrx_word' id='word_1_231' title='bbox 489 2511 518 2557; x_wconf 90' lang='lat' dir='ltr'>et</span> <span class='ocrx_word' id='word_1_232' title='bbox 535 2496 661 2577; x_wconf 87' lang='lat' dir='ltr'>impleat</span> <span class='ocrx_word' id='word_1_233' title='bbox 686 2496 877 2573; x_wconf 73' lang='lat' dir='ltr'>(Archivesh</span> <span class='ocrx_word' id='word_1_234' title='bbox 895 2515 925 2576; x_wconf 93' lang='lat' dir='ltr'>p.</span> <span class='ocrx_word' id='word_1_235' title='bbox 943 2498 1123 2574; x_wconf 83' lang='lat' dir='ltr'>¹77-t78‚</span> <span class='ocrx_word' id='word_1_236' title='bbox 1141 2497 1200 2557; x_wconf 94' lang='lat' dir='ltr'>No.</span> <span class='ocrx_word' id='word_1_237' title='bbox 1223 2495 1303 2575; x_wconf 86' lang='lat'>109).</span> <span class='ocrx_word' id='word_1_238' title='bbox 1370 2493 1412 2554; x_wconf 78' lang='lat' dir='ltr'>ts</span> 
     </span>
    </p>
   </div>
   <div class='ocr_carea' id='block_1_7' title="bbox 105 2610 1413 3691">
    <p class='ocr_par' dir='ltr' id='par_1_8' title="bbox 105 2610 1413 3140">
     <span class='ocr_line' id='line_1_25' title="bbox 151 2610 1411 2692; baseline -0.001 -19"><span class='ocrx_word' id='word_1_239' title='bbox 151 2614 162 2691; x_wconf 88' lang='lat'>(</span> <span class='ocrx_word' id='word_1_240' title='bbox 208 2657 226 2687; x_wconf 90' lang='lat'>,‚</span> <span class='ocrx_word' id='word_1_241' title='bbox 274 2611 356 2692; x_wconf 90' lang='lat' dir='ltr'>Sept.</span> <span class='ocrx_word' id='word_1_242' title='bbox 390 2611 451 2687; x_wconf 90' lang='grc'>11).</span> <span class='ocrx_word' id='word_1_243' title='bbox 493 2611 686 2673; x_wconf 87' lang='lat' dir='ltr'>Antiochiae.</span> <span class='ocrx_word' id='word_1_244' title='bbox 721 2645 761 2655; x_wconf 93' lang='lat'><em>-</em></span> <span class='ocrx_word' id='word_1_245' title='bbox 795 2611 1023 2673; x_wconf 75' lang='lat' dir='ltr'>bohemundus</span> <span class='ocrx_word' id='word_1_246' title='bbox 1040 2611 1061 2687; x_wconf 92' lang='lat' dir='ltr'>l,</span> <span class='ocrx_word' id='word_1_247' title='bbox 1087 2611 1295 2692; x_wconf 87' lang='lat' dir='ltr'>Raymundus</span> <span class='ocrx_word' id='word_1_248' title='bbox 1318 2611 1355 2671; x_wconf 91' lang='lat' dir='ltr'>de</span> <span class='ocrx_word' id='word_1_249' title='bbox 1381 2610 1411 2672; x_wconf 91' lang='lat' dir='ltr'>S.</span> 
     </span>
     <span class='ocr_line' id='line_1_26' title="bbox 107 2700 1412 2782; baseline -0.003 -18"><span class='ocrx_word' id='word_1_250' title='bbox 107 2702 250 2782; x_wconf 87' lang='lat' dir='ltr'>Aegidi0,</span> <span class='ocrx_word' id='word_1_251' title='bbox 275 2700 476 2763; x_wconf 88' lang='lat' dir='ltr'>Godolredus</span> <span class='ocrx_word' id='word_1_252' title='bbox 493 2701 530 2762; x_wconf 91' lang='lat' dir='ltr'>de</span> <span class='ocrx_word' id='word_1_253' title='bbox 546 2700 705 2775; x_wconf 87' lang='lat' dir='ltr'>Bulliono,</span> <span class='ocrx_word' id='word_1_254' title='bbox 730 2701 885 2762; x_wconf 88' lang='lat' dir='ltr'>Robertus</span> <span class='ocrx_word' id='word_1_255' title='bbox 907 2701 946 2761; x_wconf 91' lang='lat' dir='ltr'>de</span> <span class='ocrx_word' id='word_1_256' title='bbox 969 2701 1173 2777; x_wconf 88' lang='lat' dir='ltr'>Normannia,</span> <span class='ocrx_word' id='word_1_257' title='bbox 1198 2700 1353 2761; x_wconf 84' lang='lat' dir='ltr'>Robertus</span> <span class='ocrx_word' id='word_1_258' title='bbox 1373 2701 1412 2761; x_wconf 89' lang='lat' dir='ltr'>de</span> 
     </span>
     <span class='ocr_line' id='line_1_27' title="bbox 107 2789 1412 2871; baseline -0.002 -19"><span class='ocrx_word' id='word_1_259' title='bbox 107 2791 250 2853; x_wconf 85' lang='lat' dir='ltr'>Flaudria</span> <span class='ocrx_word' id='word_1_260' title='bbox 266 2807 296 2851; x_wconf 88' lang='lat' dir='ltr'>et</span> <span class='ocrx_word' id='word_1_261' title='bbox 312 2790 495 2851; x_wconf 90' lang='lat' dir='ltr'>Eustachius</span> <span class='ocrx_word' id='word_1_262' title='bbox 511 2791 550 2851; x_wconf 89' lang='lat' dir='ltr'>de</span> <span class='ocrx_word' id='word_1_263' title='bbox 568 2789 698 2850; x_wconf 74' lang='lat' dir='ltr'>bolonia</span> <span class='ocrx_word' id='word_1_264' title='bbox 716 2789 844 2851; x_wconf 87' lang='lat' dir='ltr'>Urbano</span> <span class='ocrx_word' id='word_1_265' title='bbox 861 2790 885 2850; x_wconf 96' lang='lat' dir='ltr'>ll</span> <span class='ocrx_word' id='word_1_266' title='bbox 902 2809 999 2871; x_wconf 89' lang='lat' dir='ltr'>papae</span> <span class='ocrx_word' id='word_1_267' title='bbox 1022 2790 1176 2868; x_wconf 87' lang='lat' dir='ltr'>nuntiant,</span> <span class='ocrx_word' id='word_1_268' title='bbox 1196 2808 1276 2869; x_wconf 88' lang='lat' dir='ltr'>quae</span> <span class='ocrx_word' id='word_1_269' title='bbox 1300 2791 1412 2850; x_wconf 86' lang='lat' dir='ltr'>Nicaea</span> 
     </span>
     <span class='ocr_line' id='line_1_28' title="bbox 107 2878 1412 2961; baseline -0.002 -20"><span class='ocrx_word' id='word_1_270' title='bbox 107 2897 136 2941; x_wconf 89' lang='lat' dir='ltr'>et</span> <span class='ocrx_word' id='word_1_271' title='bbox 152 2879 318 2941; x_wconf 87' lang='lat' dir='ltr'>Antiochia</span> <span class='ocrx_word' id='word_1_272' title='bbox 339 2879 424 2960; x_wconf 91' lang='lat' dir='ltr'>potiti</span> <span class='ocrx_word' id='word_1_273' title='bbox 450 2879 601 2961; x_wconf 88' lang='lat' dir='ltr'>praeclare</span> <span class='ocrx_word' id='word_1_274' title='bbox 625 2893 798 2957; x_wconf 81' lang='lat' dir='ltr'>gesserunt,</span> <span class='ocrx_word' id='word_1_275' title='bbox 823 2898 947 2940; x_wconf 93' lang='lat' dir='ltr'>necnon</span> <span class='ocrx_word' id='word_1_276' title='bbox 964 2879 1143 2949; x_wconf 86' lang='lat' dir='ltr'>Adhemari,</span> <span class='ocrx_word' id='word_1_277' title='bbox 1169 2878 1199 2940; x_wconf 90' lang='lat' dir='ltr'>S.</span> <span class='ocrx_word' id='word_1_278' title='bbox 1217 2879 1412 2959; x_wconf 85' lang='lat' dir='ltr'>Apostolicae</span> 
     </span>
     <span class='ocr_line' id='line_1_29' title="bbox 105 2966 1411 3049; baseline -0.002 -19"><span class='ocrx_word' id='word_1_279' title='bbox 105 2969 207 3047; x_wconf 87' lang='lat' dir='ltr'>legati,</span> <span class='ocrx_word' id='word_1_280' title='bbox 220 2985 351 3029; x_wconf 92' lang='lat' dir='ltr'>mortem</span> <span class='ocrx_word' id='word_1_281' title='bbox 361 2970 381 3043; x_wconf 69' lang='grc'>1)</span> <span class='ocrx_word' id='word_1_282' title='bbox 391 2968 610 3049; x_wconf 87' lang='lat' dir='ltr'>supplicantes,</span> <span class='ocrx_word' id='word_1_283' title='bbox 623 2983 656 3029; x_wconf 94' lang='lat' dir='ltr'>ut</span> <span class='ocrx_word' id='word_1_284' title='bbox 673 2967 737 3048; x_wconf 88' lang='lat' dir='ltr'>ipse</span> <span class='ocrx_word' id='word_1_285' title='bbox 749 2968 948 3030; x_wconf 90' lang='lat' dir='ltr'>Antiochiam</span> <span class='ocrx_word' id='word_1_286' title='bbox 958 2969 1059 3029; x_wconf 89' lang='lat' dir='ltr'>veniat</span> <span class='ocrx_word' id='word_1_287' title='bbox 1074 2982 1104 3029; x_wconf 92' lang='lat' dir='ltr'>et</span> <span class='ocrx_word' id='word_1_288' title='bbox 1119 2966 1278 3029; x_wconf 88' lang='lat' dir='ltr'>ecclesiam</span> <span class='ocrx_word' id='word_1_289' title='bbox 1290 2968 1320 3030; x_wconf 89' lang='lat' dir='ltr'>S.</span> <span class='ocrx_word' id='word_1_290' title='bbox 1333 2968 1411 3029; x_wconf 89' lang='lat' dir='ltr'>Petri</span> 
     </span>
     <span class='ocr_line' id='line_1_30' title="bbox 106 3054 1413 3140; baseline -0.003 -21"><span class='ocrx_word' id='word_1_291' title='bbox 106 3057 233 3140; x_wconf 87' lang='lat' dir='ltr'>accipiat</span> <span class='ocrx_word' id='word_1_292' title='bbox 250 3057 412 3135; x_wconf 89' lang='lat' dir='ltr'>(Archives</span> <span class='ocrx_word' id='word_1_293' title='bbox 429 3057 451 3135; x_wconf 93' lang='lat' dir='ltr'>l,</span> <span class='ocrx_word' id='word_1_294' title='bbox 470 3077 499 3138; x_wconf 93' lang='lat' dir='ltr'>p.</span> <span class='ocrx_word' id='word_1_295' title='bbox 518 3059 702 3138; x_wconf 83' lang='lat'>181—183,</span> <span class='ocrx_word' id='word_1_296' title='bbox 719 3058 778 3119; x_wconf 94' lang='lat' dir='ltr'>No.</span> <span class='ocrx_word' id='word_1_297' title='bbox 803 3079 810 3118; x_wconf 93' lang='grc'>1</span> <span class='ocrx_word' id='word_1_298' title='bbox 827 3057 883 3137; x_wconf 93' lang='grc'>14).</span> <span class='ocrx_word' id='word_1_299' title='bbox 1371 3054 1413 3115; x_wconf 85' lang='grc'>14</span> 
     </span>
    </p>

    <p class='ocr_par' dir='ltr' id='par_1_9' title="bbox 106 3165 1413 3311">
     <span class='ocr_line' id='line_1_31' title="bbox 181 3165 1413 3249; baseline -0.002 -27"><span class='ocrx_word' id='word_1_300' title='bbox 181 3170 199 3238; x_wconf 73' lang='grc'>1)</span> <span class='ocrx_word' id='word_1_301' title='bbox 220 3166 309 3249; x_wconf 73' lang='lat' dir='ltr'>Cujus</span> <span class='ocrx_word' id='word_1_302' title='bbox 328 3166 356 3221; x_wconf 90' lang='lat' dir='ltr'>in</span> <span class='ocrx_word' id='word_1_303' title='bbox 374 3166 470 3221; x_wconf 91' lang='lat' dir='ltr'>locum</span> <span class='ocrx_word' id='word_1_304' title='bbox 484 3167 616 3222; x_wconf 89' lang='lat' dir='ltr'>Urbanus</span> <span class='ocrx_word' id='word_1_305' title='bbox 629 3167 653 3221; x_wconf 94' lang='grc' dir='ltr'>ΙΙ</span> <span class='ocrx_word' id='word_1_306' title='bbox 667 3165 874 3236; x_wconf 86' lang='lat' dir='ltr'>Daimbertum,</span> <span class='ocrx_word' id='word_1_307' title='bbox 892 3166 1140 3238; x_wconf 89' lang='lat' dir='ltr'>archiepiscopum</span> <span class='ocrx_word' id='word_1_308' title='bbox 1154 3166 1300 3235; x_wconf 87' lang='lat' dir='ltr'>Pisanum,</span> <span class='ocrx_word' id='word_1_309' title='bbox 1313 3183 1413 3222; x_wconf 90' lang='lat' dir='ltr'>cruce-</span> 
     </span>
     <span class='ocr_line' id='line_1_32' title="bbox 106 3237 998 3311; baseline 0 -19"><span class='ocrx_word' id='word_1_310' title='bbox 106 3238 223 3311; x_wconf 85' lang='lat' dir='ltr'>signatis</span> <span class='ocrx_word' id='word_1_311' title='bbox 237 3239 312 3294; x_wconf 87' lang='lat' dir='ltr'>mrsit</span> <span class='ocrx_word' id='word_1_312' title='bbox 326 3238 519 3294; x_wconf 82' lang='lat' dir='ltr'>octob-Dec.</span> <span class='ocrx_word' id='word_1_313' title='bbox 538 3238 603 3310; x_wconf 81' lang='lat'>1098</span> <span class='ocrx_word' id='word_1_314' title='bbox 617 3237 693 3303; x_wconf 80' lang='lat' dir='ltr'>(ibid.</span> <span class='ocrx_word' id='word_1_315' title='bbox 708 3239 727 3303; x_wconf 88' lang='grc' dir='ltr'>Ι,</span> <span class='ocrx_word' id='word_1_316' title='bbox 741 3256 767 3310; x_wconf 94' lang='lat' dir='ltr'>p.</span> <span class='ocrx_word' id='word_1_317' title='bbox 785 3238 842 3308; x_wconf 84' lang='grc'>188,</span> <span class='ocrx_word' id='word_1_318' title='bbox 856 3239 911 3294; x_wconf 82' lang='grc' dir='ltr'>Νο.</span> <span class='ocrx_word' id='word_1_319' title='bbox 929 3242 998 3310; x_wconf 76' lang='grc'>119).</span> 
     </span>
    </p>

    <p class='ocr_par' dir='ltr' id='par_1_10' title="bbox 106 3342 1413 3691">
     <span class='ocr_line' id='line_1_33' title="bbox 151 3342 1413 3424; baseline 0 -21"><span class='ocrx_word' id='word_1_320' title='bbox 151 3354 162 3421; x_wconf 70' lang='grc'>4</span> <span class='ocrx_word' id='word_1_321' title='bbox 208 3387 228 3419; x_wconf 92' lang='grc'>,,</span> <span class='ocrx_word' id='word_1_322' title='bbox 274 3342 377 3424; x_wconf 84' lang='lat' dir='ltr'>Sept).</span> <span class='ocrx_word' id='word_1_323' title='bbox 411 3342 551 3403; x_wconf 89' lang='lat' dir='ltr'>Hasardi.</span> <span class='ocrx_word' id='word_1_324' title='bbox 579 3376 616 3386; x_wconf 94' lang='lat'><em>-</em></span> <span class='ocrx_word' id='word_1_325' title='bbox 642 3342 748 3421; x_wconf 89' lang='lat' dir='ltr'>Omar,</span> <span class='ocrx_word' id='word_1_326' title='bbox 773 3342 953 3404; x_wconf 86' lang='lat' dir='ltr'>ammiratus</span> <span class='ocrx_word' id='word_1_327' title='bbox 969 3343 1007 3404; x_wconf 88' lang='lat' dir='ltr'>de</span> <span class='ocrx_word' id='word_1_328' title='bbox 1024 3342 1176 3421; x_wconf 88' lang='lat' dir='ltr'>Hasardo,</span> <span class='ocrx_word' id='word_1_329' title='bbox 1197 3343 1413 3405; x_wconf 86' lang='lat' dir='ltr'>aGodolredo</span> 
     </span>
     <span class='ocr_line' id='line_1_34' title="bbox 107 3431 1412 3515; baseline -0.001 -23"><span class='ocrx_word' id='word_1_330' title='bbox 107 3432 185 3493; x_wconf 92' lang='lat' dir='ltr'>duce</span> <span class='ocrx_word' id='word_1_331' title='bbox 202 3432 353 3494; x_wconf 83' lang='lat' dir='ltr'>auxilium</span> <span class='ocrx_word' id='word_1_332' title='bbox 375 3447 480 3492; x_wconf 88' lang='lat' dir='ltr'>conua</span> <span class='ocrx_word' id='word_1_333' title='bbox 498 3431 725 3508; x_wconf 86' lang='lat' dir='ltr'>Rodhuanum,</span> <span class='ocrx_word' id='word_1_334' title='bbox 750 3431 921 3513; x_wconf 92' lang='lat' dir='ltr'>principem</span> <span class='ocrx_word' id='word_1_335' title='bbox 940 3432 1098 3514; x_wconf 88' lang='lat' dir='ltr'>Aleppiae,</span> <span class='ocrx_word' id='word_1_336' title='bbox 1123 3433 1197 3515; x_wconf 91' lang='lat' dir='ltr'>petit</span> <span class='ocrx_word' id='word_1_337' title='bbox 1214 3433 1374 3509; x_wconf 88' lang='lat' dir='ltr'>(Archives</span> <span class='ocrx_word' id='word_1_338' title='bbox 1391 3432 1412 3504; x_wconf 96' lang='grc' dir='ltr'>Ι,</span> 
     </span>
     <span class='ocr_line' id='line_1_35' title="bbox 106 3514 1412 3604; baseline -0.002 -22"><span class='ocrx_word' id='word_1_339' title='bbox 106 3541 136 3604; x_wconf 95' lang='lat' dir='ltr'>p.</span> <span class='ocrx_word' id='word_1_340' title='bbox 162 3524 231 3599; x_wconf 88' lang='grc'>181,</span> <span class='ocrx_word' id='word_1_341' title='bbox 248 3522 308 3582; x_wconf 89' lang='grc' dir='ltr'>Νο.</span> <span class='ocrx_word' id='word_1_342' title='bbox 334 3520 412 3601; x_wconf 80' lang='grc'>113).</span> <span class='ocrx_word' id='word_1_343' title='bbox 429 3514 438 3604; x_wconf 91' lang='lat' dir='ltr'>l</span> <span class='ocrx_word' id='word_1_344' title='bbox 454 3519 551 3595; x_wconf 92' lang='lat' dir='ltr'>Quod</span> <span class='ocrx_word' id='word_1_345' title='bbox 569 3520 770 3583; x_wconf 82' lang='lat' dir='ltr'>Godolredus</span> <span class='ocrx_word' id='word_1_346' title='bbox 787 3520 887 3582; x_wconf 90' lang='lat' dir='ltr'>eidem</span> <span class='ocrx_word' id='word_1_347' title='bbox 905 3522 1083 3603; x_wconf 90' lang='lat' dir='ltr'>promisisse</span> <span class='ocrx_word' id='word_1_348' title='bbox 1106 3522 1266 3583; x_wconf 88' lang='lat' dir='ltr'>nuntiatur</span> <span class='ocrx_word' id='word_1_349' title='bbox 1290 3522 1373 3597; x_wconf 90' lang='lat' dir='ltr'>(ibid.</span> <span class='ocrx_word' id='word_1_350' title='bbox 1392 3521 1412 3592; x_wconf 94' lang='grc' dir='ltr'>Ι,</span> 
     </span>
     <span class='ocr_line' id='line_1_36' title="bbox 113 3608 1408 3691; baseline -0.004 -20"><span class='ocrx_word' id='word_1_351' title='bbox 113 3613 293 3691; x_wconf 77' lang='grc'>183-184,</span> <span class='ocrx_word' id='word_1_352' title='bbox 311 3611 371 3671; x_wconf 90' lang='grc' dir='ltr'>Νο.</span> <span class='ocrx_word' id='word_1_353' title='bbox 396 3609 477 3689; x_wconf 83' lang='grc'>115).</span> <span class='ocrx_word' id='word_1_354' title='bbox 1372 3608 1408 3668; x_wconf 70' lang='lat' dir='ltr'>l!</span> 
     </span>
    </p>
   </div>
   <div class='ocr_carea' id='block_1_8' title="bbox 106 3724 1384 4164">
    <p class='ocr_par' dir='ltr' id='par_1_11' title="bbox 106 3724 1384 4164">
     <span class='ocr_line' id='line_1_37' title="bbox 206 3724 1383 3804; baseline 0 -18"><span class='ocrx_word' id='word_1_355' title='bbox 206 3770 226 3802; x_wconf 89' lang='lat'>‚,</span> <span class='ocrx_word' id='word_1_356' title='bbox 272 3724 466 3804; x_wconf 88' lang='lat' dir='ltr'>Bajamundo</span> <span class='ocrx_word' id='word_1_357' title='bbox 484 3725 505 3802; x_wconf 91' lang='lat' dir='ltr'>l,</span> <span class='ocrx_word' id='word_1_358' title='bbox 532 3725 664 3787; x_wconf 90' lang='lat' dir='ltr'>domino</span> <span class='ocrx_word' id='word_1_359' title='bbox 682 3725 875 3803; x_wconf 88' lang='lat' dir='ltr'>Antiochiae,</span> <span class='ocrx_word' id='word_1_360' title='bbox 900 3727 1069 3790; x_wconf 91' lang='lat' dir='ltr'>Anselmus</span> <span class='ocrx_word' id='word_1_361' title='bbox 1094 3727 1313 3801; x_wconf 86' lang='lat' dir='ltr'>Rusacherius‚</span> <span class='ocrx_word' id='word_1_362' title='bbox 1331 3726 1383 3786; x_wconf 89' lang='lat' dir='ltr'>Lar</span> 
     </span>
     <span class='ocr_line' id='line_1_38' title="bbox 107 3814 1384 3894; baseline -0.002 -18"><span class='ocrx_word' id='word_1_363' title='bbox 107 3815 253 3877; x_wconf 88' lang='lat' dir='ltr'>franchus</span> <span class='ocrx_word' id='word_1_364' title='bbox 278 3815 440 3889; x_wconf 87' lang='lat' dir='ltr'>Drubesei,</span> <span class='ocrx_word' id='word_1_365' title='bbox 466 3815 648 3876; x_wconf 76' lang='lat' dir='ltr'>lambertus</span> <span class='ocrx_word' id='word_1_366' title='bbox 675 3816 819 3894; x_wconf 84' lang='lat' dir='ltr'>Magnus,</span> <span class='ocrx_word' id='word_1_367' title='bbox 844 3816 1020 3893; x_wconf 90' lang='lat' dir='ltr'>Conradus,</span> <span class='ocrx_word' id='word_1_368' title='bbox 1044 3815 1127 3878; x_wconf 87' lang='lat' dir='ltr'>lilius</span> <span class='ocrx_word' id='word_1_369' title='bbox 1150 3814 1290 3893; x_wconf 79' lang='lat' dir='ltr'>Taionis,</span> <span class='ocrx_word' id='word_1_370' title='bbox 1315 3816 1384 3877; x_wconf 82' lang='lat' dir='ltr'>ssett</span> 
     </span>
     <span class='ocr_line' id='line_1_39' title="bbox 108 3903 1376 3982; baseline -0.001 -16"><span class='ocrx_word' id='word_1_371' title='bbox 108 3925 188 3981; x_wconf 90' lang='lat' dir='ltr'>cosa,</span> <span class='ocrx_word' id='word_1_372' title='bbox 206 3904 288 3966; x_wconf 90' lang='lat' dir='ltr'>lilius</span> <span class='ocrx_word' id='word_1_373' title='bbox 306 3904 461 3979; x_wconf 82' lang='lat' dir='ltr'>Adelardi‚</span> <span class='ocrx_word' id='word_1_374' title='bbox 479 3903 565 3965; x_wconf 90' lang='lat' dir='ltr'>Otho</span> <span class='ocrx_word' id='word_1_375' title='bbox 582 3904 731 3981; x_wconf 88' lang='lat' dir='ltr'>Clericus,</span> <span class='ocrx_word' id='word_1_376' title='bbox 757 3904 939 3965; x_wconf 88' lang='lat' dir='ltr'>Lambertus</span> <span class='ocrx_word' id='word_1_377' title='bbox 957 3905 1108 3980; x_wconf 82' lang='lat' dir='ltr'>Medicus,</span> <span class='ocrx_word' id='word_1_378' title='bbox 1125 3906 1295 3966; x_wconf 89' lang='lat' dir='ltr'>lanuenses</span> <span class='ocrx_word' id='word_1_379' title='bbox 1313 3904 1376 3982; x_wconf 83' lang='lat' dir='ltr'>jura</span> 
     </span>
     <span class='ocr_line' id='line_1_40' title="bbox 106 3994 1360 4076; baseline -0.001 -21"><span class='ocrx_word' id='word_1_380' title='bbox 106 4010 134 4055; x_wconf 88' lang='lat' dir='ltr'>et</span> <span class='ocrx_word' id='word_1_381' title='bbox 151 3994 346 4074; x_wconf 88' lang='lat' dir='ltr'>pollicentur,</span> <span class='ocrx_word' id='word_1_382' title='bbox 356 4014 390 4055; x_wconf 94' lang='lat' dir='ltr'>se</span> <span class='ocrx_word' id='word_1_383' title='bbox 407 3995 516 4055; x_wconf 91' lang='lat' dir='ltr'>urbem</span> <span class='ocrx_word' id='word_1_384' title='bbox 529 3994 726 4054; x_wconf 82' lang='lat' dir='ltr'>Antiochiam</span> <span class='ocrx_word' id='word_1_385' title='bbox 738 4010 844 4055; x_wconf 88' lang='lat' dir='ltr'>contra</span> <span class='ocrx_word' id='word_1_386' title='bbox 859 4013 1123 4075; x_wconf 87' lang='lat' dir='ltr'>unumquemque</span> <span class='ocrx_word' id='word_1_387' title='bbox 1139 4011 1258 4076; x_wconf 91' lang='lat' dir='ltr'>praeter</span> <span class='ocrx_word' id='word_1_388' title='bbox 1268 3994 1360 4056; x_wconf 77' lang='lat' dir='ltr'>comit</span> 
     </span>
     <span class='ocr_line' id='line_1_41' title="bbox 106 4082 1080 4164; baseline 0.001 -20"><span class='ocrx_word' id='word_1_389' title='bbox 106 4083 137 4144; x_wconf 93' lang='lat' dir='ltr'>S.</span> <span class='ocrx_word' id='word_1_390' title='bbox 154 4083 255 4162; x_wconf 88' lang='lat' dir='ltr'>Egidii</span> <span class='ocrx_word' id='word_1_391' title='bbox 273 4100 376 4144; x_wconf 88' lang='lat' dir='ltr'>tenere</span> <span class='ocrx_word' id='word_1_392' title='bbox 393 4102 427 4144; x_wconf 87' lang='lat' dir='ltr'>ac</span> <span class='ocrx_word' id='word_1_393' title='bbox 443 4082 610 4144; x_wconf 84' lang='lat' dir='ltr'>defendere</span> <span class='ocrx_word' id='word_1_394' title='bbox 630 4083 706 4144; x_wconf 90' lang='lat' dir='ltr'>velle</span> <span class='ocrx_word' id='word_1_395' title='bbox 724 4083 859 4162; x_wconf 80' lang='lat' dir='ltr'>(Ughelli</span> <span class='ocrx_word' id='word_1_396' title='bbox 876 4083 927 4159; x_wconf 84' lang='grc' dir='ltr'>ΙΙΙ,</span> <span class='ocrx_word' id='word_1_397' title='bbox 945 4104 974 4164; x_wconf 92' lang='lat' dir='ltr'>p.</span> <span class='ocrx_word' id='word_1_398' title='bbox 994 4082 1080 4164; x_wconf 86' lang='lat'>847).</span> 
     </span>
    </p>
   </div>
   <div class='ocr_carea' id='block_1_9' title="bbox 106 4196 1346 4460">
    <p class='ocr_par' dir='ltr' id='par_1_12' title="bbox 106 4196 1346 4460">
     <span class='ocr_line' id='line_1_42' title="bbox 150 4196 1346 4278; baseline 0.003 -21"><span class='ocrx_word' id='word_1_399' title='bbox 150 4196 257 4277; x_wconf 83' lang='lat'>(1099</span> <span class='ocrx_word' id='word_1_400' title='bbox 273 4201 339 4261; x_wconf 91' lang='lat' dir='ltr'>lan.</span> <span class='ocrx_word' id='word_1_401' title='bbox 370 4200 427 4278; x_wconf 83' lang='lat'>15).</span> <span class='ocrx_word' id='word_1_402' title='bbox 468 4200 634 4261; x_wconf 88' lang='lat' dir='ltr'>Caesareae</span> <span class='ocrx_word' id='word_1_403' title='bbox 659 4202 697 4261; x_wconf 92' lang='lat' dir='ltr'>ad</span> <span class='ocrx_word' id='word_1_404' title='bbox 723 4199 887 4261; x_wconf 89' lang='lat' dir='ltr'>Orontem.</span> <span class='ocrx_word' id='word_1_405' title='bbox 925 4236 964 4244; x_wconf 96' lang='lat'><em>-</em></span> <span class='ocrx_word' id='word_1_406' title='bbox 992 4202 1063 4262; x_wconf 86' lang='lat' dir='ltr'>Abu</span> <span class='ocrx_word' id='word_1_407' title='bbox 1089 4200 1200 4273; x_wconf 79' lang='lat' dir='ltr'>Salim,</span> <span class='ocrx_word' id='word_1_408' title='bbox 1234 4200 1346 4260; x_wconf 90' lang='lat' dir='ltr'>ammir</span> 
     </span>
     <span class='ocr_line' id='line_1_43' title="bbox 106 4288 1330 4372; baseline -0.001 -22"><span class='ocrx_word' id='word_1_409' title='bbox 106 4289 271 4350; x_wconf 89' lang='lat' dir='ltr'>Caesareae</span> <span class='ocrx_word' id='word_1_410' title='bbox 288 4289 326 4349; x_wconf 88' lang='lat' dir='ltr'>ad</span> <span class='ocrx_word' id='word_1_411' title='bbox 343 4288 506 4361; x_wconf 89' lang='lat' dir='ltr'>Orontem,</span> <span class='ocrx_word' id='word_1_412' title='bbox 524 4289 588 4350; x_wconf 92' lang='lat' dir='ltr'>suis</span> <span class='ocrx_word' id='word_1_413' title='bbox 606 4290 740 4364; x_wconf 87' lang='lat' dir='ltr'>mandat,</span> <span class='ocrx_word' id='word_1_414' title='bbox 759 4304 793 4350; x_wconf 93' lang='lat' dir='ltr'>ut</span> <span class='ocrx_word' id='word_1_415' title='bbox 808 4290 980 4369; x_wconf 84' lang='lat' dir='ltr'>regionem,</span> <span class='ocrx_word' id='word_1_416' title='bbox 998 4309 1157 4372; x_wconf 92' lang='lat' dir='ltr'>perquam</span> <span class='ocrx_word' id='word_1_417' title='bbox 1175 4288 1330 4351; x_wconf 91' lang='lat' dir='ltr'>christiani</span> 
     </span>
     <span class='ocr_line' id='line_1_44' title="bbox 107 4376 1174 4460; baseline 0.002 -23"><span class='ocrx_word' id='word_1_418' title='bbox 107 4376 213 4439; x_wconf 87' lang='lat' dir='ltr'>lecturi</span> <span class='ocrx_word' id='word_1_419' title='bbox 230 4379 301 4455; x_wconf 88' lang='lat' dir='ltr'>siut,</span> <span class='ocrx_word' id='word_1_420' title='bbox 318 4394 435 4439; x_wconf 86' lang='lat' dir='ltr'>vastent</span> <span class='ocrx_word' id='word_1_421' title='bbox 451 4394 480 4438; x_wconf 88' lang='lat' dir='ltr'>et</span> <span class='ocrx_word' id='word_1_422' title='bbox 497 4378 638 4439; x_wconf 86' lang='lat' dir='ltr'>deserant</span> <span class='ocrx_word' id='word_1_423' title='bbox 654 4378 813 4454; x_wconf 83' lang='lat' dir='ltr'>(Archives</span> <span class='ocrx_word' id='word_1_424' title='bbox 829 4379 850 4455; x_wconf 93' lang='grc' dir='ltr'>Ι,</span> <span class='ocrx_word' id='word_1_425' title='bbox 869 4400 898 4460; x_wconf 95' lang='lat' dir='ltr'>p.</span> <span class='ocrx_word' id='word_1_426' title='bbox 923 4400 992 4456; x_wconf 85' lang='lat'>191,</span> <span class='ocrx_word' id='word_1_427' title='bbox 1011 4380 1070 4441; x_wconf 92' lang='lat' dir='ltr'>No.</span> <span class='ocrx_word' id='word_1_428' title='bbox 1095 4380 1174 4458; x_wconf 75' lang='lat'>123).</span> 
     </span>
    </p>
   </div>
   <div class='ocr_carea' id='block_1_10' title="bbox 106 4493 1311 4841">
    <p class='ocr_par' dir='ltr' id='par_1_13' title="bbox 106 4493 1311 4841">
     <span class='ocr_line' id='line_1_45' title="bbox 151 4493 1310 4575; baseline 0.002 -22"><span class='ocrx_word' id='word_1_429' title='bbox 151 4494 161 4570; x_wconf 92' lang='lat'>(</span> <span class='ocrx_word' id='word_1_430' title='bbox 208 4537 226 4568; x_wconf 94' lang='lat'><strong>„</strong></span> <span class='ocrx_word' id='word_1_431' title='bbox 272 4493 359 4570; x_wconf 79' lang='lat' dir='ltr'>lan).</span> <span class='ocrx_word' id='word_1_432' title='bbox 399 4493 684 4573; x_wconf 89' lang='lat' dir='ltr'>Constantinopoli.</span> <span class='ocrx_word' id='word_1_433' title='bbox 717 4527 761 4535; x_wconf 93' lang='lat'>—</span> <span class='ocrx_word' id='word_1_434' title='bbox 795 4494 921 4555; x_wconf 86' lang='lat' dir='ltr'>Alexius</span> <span class='ocrx_word' id='word_1_435' title='bbox 946 4494 957 4554; x_wconf 99' lang='grc' dir='ltr'>Ι</span> <span class='ocrx_word' id='word_1_436' title='bbox 984 4495 1150 4575; x_wconf 88' lang='lat' dir='ltr'>imperator</span> <span class='ocrx_word' id='word_1_437' title='bbox 1176 4495 1310 4556; x_wconf 90' lang='lat' dir='ltr'>Antioch</span> 
     </span>
     <span class='ocr_line' id='line_1_46' title="bbox 107 4578 1310 4666; baseline 0.002 -26"><span class='ocrx_word' id='word_1_438' title='bbox 107 4581 222 4642; x_wconf 73' lang='lat' dir='ltr'>latinis</span> <span class='ocrx_word' id='word_1_439' title='bbox 239 4599 420 4662; x_wconf 89' lang='lat' dir='ltr'>occupatam</span> <span class='ocrx_word' id='word_1_440' title='bbox 438 4583 581 4643; x_wconf 83' lang='lat' dir='ltr'>reclamat</span> <span class='ocrx_word' id='word_1_441' title='bbox 597 4583 759 4660; x_wconf 85' lang='lat' dir='ltr'>(Archives</span> <span class='ocrx_word' id='word_1_442' title='bbox 776 4582 799 4655; x_wconf 91' lang='grc' dir='ltr'>Ι,</span> <span class='ocrx_word' id='word_1_443' title='bbox 815 4603 844 4663; x_wconf 95' lang='lat' dir='ltr'>p.</span> <span class='ocrx_word' id='word_1_444' title='bbox 864 4585 932 4662; x_wconf 85' lang='grc'>189,</span> <span class='ocrx_word' id='word_1_445' title='bbox 951 4584 1011 4645; x_wconf 93' lang='grc' dir='ltr'>Νο.</span> <span class='ocrx_word' id='word_1_446' title='bbox 1030 4583 1111 4660; x_wconf 94' lang='grc'>111).</span> <span class='ocrx_word' id='word_1_447' title='bbox 1122 4578 1132 4666; x_wconf 74' lang='grc' dir='ltr'>ΙΙ</span> <span class='ocrx_word' id='word_1_448' title='bbox 1148 4583 1231 4644; x_wconf 90' lang='lat' dir='ltr'>ldem</span> <span class='ocrx_word' id='word_1_449' title='bbox 1252 4583 1310 4664; x_wconf 69' lang='lat' dir='ltr'>Ra)</span> 
     </span>
     <span class='ocr_line' id='line_1_47' title="bbox 107 4671 1311 4751; baseline 0.001 -20"><span class='ocrx_word' id='word_1_450' title='bbox 107 4671 183 4731; x_wconf 86' lang='lat' dir='ltr'>dunt</span> <span class='ocrx_word' id='word_1_451' title='bbox 200 4672 238 4732; x_wconf 88' lang='lat' dir='ltr'>de</span> <span class='ocrx_word' id='word_1_452' title='bbox 255 4671 284 4732; x_wconf 90' lang='lat' dir='ltr'>S.</span> <span class='ocrx_word' id='word_1_453' title='bbox 296 4671 428 4751; x_wconf 88' lang='lat' dir='ltr'>Aegidio</span> <span class='ocrx_word' id='word_1_454' title='bbox 445 4673 556 4733; x_wconf 87' lang='lat' dir='ltr'>eodem</span> <span class='ocrx_word' id='word_1_455' title='bbox 575 4691 680 4733; x_wconf 91' lang='lat' dir='ltr'>mense</span> <span class='ocrx_word' id='word_1_456' title='bbox 698 4687 727 4732; x_wconf 93' lang='lat' dir='ltr'>et</span> <span class='ocrx_word' id='word_1_457' title='bbox 743 4692 828 4733; x_wconf 84' lang='lat' dir='ltr'>attno</span> <span class='ocrx_word' id='word_1_458' title='bbox 845 4688 961 4749; x_wconf 90' lang='lat' dir='ltr'>mouet,</span> <span class='ocrx_word' id='word_1_459' title='bbox 979 4688 1013 4733; x_wconf 94' lang='lat' dir='ltr'>ut</span> <span class='ocrx_word' id='word_1_460' title='bbox 1028 4673 1212 4734; x_wconf 89' lang='lat' dir='ltr'>Laodiceam</span> <span class='ocrx_word' id='word_1_461' title='bbox 1231 4674 1311 4734; x_wconf 85' lang='lat' dir='ltr'>Andr</span> 
     </span>
     <span class='ocr_line' id='line_1_48' title="bbox 106 4760 972 4841; baseline 0.002 -21"><span class='ocrx_word' id='word_1_462' title='bbox 106 4760 314 4822; x_wconf 88' lang='lat' dir='ltr'>Tzintzilucae</span> <span class='ocrx_word' id='word_1_463' title='bbox 332 4761 426 4822; x_wconf 91' lang='lat' dir='ltr'>tradat</span> <span class='ocrx_word' id='word_1_464' title='bbox 443 4761 529 4838; x_wconf 93' lang='lat' dir='ltr'>(ibid.</span> <span class='ocrx_word' id='word_1_465' title='bbox 548 4780 578 4841; x_wconf 95' lang='lat' dir='ltr'>p.</span> <span class='ocrx_word' id='word_1_466' title='bbox 603 4763 784 4840; x_wconf 75' lang='lat' dir='ltr'>illo-tot,</span> <span class='ocrx_word' id='word_1_467' title='bbox 806 4762 866 4822; x_wconf 92' lang='grc' dir='ltr'>Νο.</span> <span class='ocrx_word' id='word_1_468' title='bbox 892 4760 972 4840; x_wconf 88' lang='grc'>111).</span> 
     </span>
    </p>
   </div>
   <div class='ocr_carea' id='block_1_11' title="bbox 0 0 1707 5400">
    <p class='ocr_par' dir='ltr' id='par_1_14' title="bbox 0 0 1707 5400">
     <span class='ocr_line' id='line_1_49' title="bbox 0 0 1707 5400; baseline 0 0"><span class='ocrx_word' id='word_1_469' title='bbox 0 0 1707 5400; x_wconf 95' lang='lat' dir='ltr'> </span> 
     </span>
    </p>
   </div>
  </div>
 </body>
</html>
