3398 5400
285 348 348 407 344
847 321 1021 391 Regesta

283 541 314 604 S.
325 541 484 602 Laurentii
500 540 590 602 sitam
606 540 780 620 donavisse,
791 540 880 621 cujus
896 541 974 604 fines
989 558 1063 603 sunt
1078 542 1116 603 ab
1132 541 1250 603 oriente
1265 541 1314 602 via
1331 540 1455 623 publica
1471 542 1595 622 regalis,

282 632 321 692 ab
337 629 496 692 occidente
513 630 628 693 domus
644 630 787 692 Thomae
804 631 1013 710 Constantini,
1037 653 1054 692 a
1070 630 1279 713 septentrione
1302 631 1416 692 domus
1436 631 1595 694 heredum

283 720 445 801 quondam
461 720 589 781 Petroni
606 720 718 800 Pisani,
736 742 753 780 a
769 720 897 782 meridie
914 721 1029 783 domus
1045 720 1165 782 domini
1183 718 1375 782 Sidonensis.
1386 753 1431 764 -
1446 721 1538 782 Prior
1553 721 1595 782 de

282 809 391 871 Latina
415 810 636 871 Benevenutus
662 825 690 871 et
715 809 870 874 Galterins
896 811 933 872 de
960 810 1069 872 ordine
1100 810 1361 888 Praedicatorum,
1393 809 1467 871 dicti
1497 809 1596 890 legati

284 898 443 981 capellani,
470 898 739 977 Bartholomaeus,
766 899 935 961 canonicus
959 900 1187 978 Antiochenus,
1211 899 1391 977 Durandus,
1414 899 1595 962 monachus

283 988 321 1049 de
337 988 493 1069 Josaphat,
516 989 661 1069 magister
677 989 845 1065 lohannes,
862 989 1029 1050 advocatus
1046 989 1084 1050 de
1100 989 1244 1068 Lentino,
1268 989 1414 1068 magister
1429 987 1594 1067 Nicolaus,

283 1077 423 1139 notarius
440 1077 478 1139 de
495 1077 525 1139 S.
544 1077 703 1141 Germano
720 1077 915 1158 (Delaborde,
933 1098 963 1159 p.
987 1099 1107 1139 111-1
1121 1097 1167 1155 11,
1185 1079 1245 1139 Νο.
1267 1079 1327 1158 54).
1500 1076 1594 1138 1315

332 1182 422 1245 1262
438 1182 558 1262 (1263)
575 1184 663 1246 Febr.
683 1187 712 1262 8,
736 1185 800 1246 ind.
819 1185 859 1247 Vl
876 1184 934 1263 (V).
958 1190 1076 1248 Accon.
1093 1219 1137 1229 —
1153 1186 1317 1265 Henricus,
1338 1185 1595 1268 archiepiscopus

284 1275 472 1351 Nazareuus,
491 1289 657 1355 postquam
669 1275 843 1335 Alexander
859 1275 899 1337 lV
916 1274 1070 1358 Hospitali
1086 1275 1310 1336 monasterium
1328 1275 1445 1337 Montis
1461 1275 1595 1337 Thabor

283 1363 424 1442 contulit,
448 1364 529 1424 hanc
545 1364 748 1425 donationem
765 1378 861 1425 ratam
880 1363 951 1426 facit
967 1364 1058 1445 eique
1075 1364 1180 1425 omnia
1197 1362 1263 1443 jura
1279 1384 1313 1425 ac
1331 1364 1490 1447 privilegia
1514 1384 1593 1427 con-

283 1452 383 1514 firmat
400 1451 494 1530 (Pauli
512 1453 533 1532 l,
551 1473 581 1535 p.
605 1473 715 1532 179-
729 1455 797 1532 180,
815 1454 875 1515 No.
899 1454 978 1533 143).
1499 1452 1594 1514 1316

365 1606 384 1637 „
432 1559 503 1638 Maj.
522 1582 546 1622 1.
571 1559 693 1642 Tripoli
710 1560 742 1621 in
759 1559 872 1641 palatio
888 1561 1037 1644 principis
1052 1561 1189 1640 (gallice).
1206 1594 1251 1605 —
1265 1562 1425 1624 Boemons
1435 1562 1486 1638 Vl,
1504 1563 1594 1644 prin-

284 1670 356 1733 ceps
375 1649 590 1712 Antiochenus
606 1665 635 1710 et
654 1669 759 1711 comes
774 1649 999 1732 Tripolitanus,
1023 1665 1052 1712 et
1068 1651 1164 1731 Hugo
1180 1649 1286 1728 Revel,
1310 1651 1457 1732 magister
1472 1651 1594 1734 Hospi-

282 1739 359 1819 talis,
379 1759 412 1800 se
429 1740 467 1800 ad
483 1739 560 1817 lites,
578 1758 658 1820 quae
678 1740 740 1800 inte
755 1754 949 1821 ,utrumque
974 1741 1100 1802 fortasse
1123 1740 1257 1802 oriturae
1279 1740 1350 1818 sint,
1375 1740 1594 1823 disceptandas

283 1829 321 1890 ΙΙΙ
337 1829 466 1890 arbitros
482 1828 622 1909 elegisse,
639 1828 729 1909 sigilli
783 1828 956 1891 'nfirmant
975 1863 1018 1873 —
1035 1829 1135 1891 Johan
1152 1829 1346 1910 d'Angevile,
1363 1830 1507 1893 baillivus
1523 1835 1594 1895 An·

283 1917 426 1996 tiochiae,
451 1916 582 2001 Symon,
607 1932 713 1979 consta
733 1918 736 1925 '
788 1918 852 1980 rius
876 1918 1071 1999 Antiochiae,
1094 1918 1196 1981 Pierre
1216 1920 1253 1980 de
1273 1924 1372 1998 Azart,
1395 1921 1595 1984 senescalcus

283 2007 478 2086 Antiochiae,
503 2006 698 2069 Bertheleme
723 2004 819 2086 Ttrel,
845 2007 1047 2070 marescalcus
1072 2008 1271 2087 Antiochiae,
1296 2008 1397 2071 Johan
1422 2010 1461 2071 de
1486 2014 1594 2091 Azan,

283 2097 384 2159 Johan
401 2097 559 2177 Lombart,
577 2096 696 2179 Henry,
713 2098 887 2159 avunculus
904 2098 1061 2180 principis,
1079 2098 1197 2180 Henry,
1215 2097 1364 2160 dominus
1380 2099 1418 2160 de
1434 2098 1595 2180 Gibeleth,

284 2185 430 2264 Meillior,
448 2186 597 2248 dominus
609 2186 647 2247 de
659 2187 818 2263 Mareclee,
830 2187 1007 2266 Gnillelme,
1019 2187 1167 2269 dominus
1178 2188 1216 2248 de
1226 2188 1354 2266 Botron,
1364 2187 1467 2250 Johan
1476 2188 1594 2269 Pierre,

283 2276 450 2338 Boemond
467 2280 553 2352 Arra,
578 2275 680 2336 Pierre
697 2276 735 2336 de
752 2276 780 2336 la
796 2276 957 2340 Gibroille.
997 2277 1111 2338 Datum
1135 2296 1190 2359 per
1213 2294 1343 2338 manum
1364 2276 1530 2340 Gnillelmi
1552 2279 1595 2341 de

283 2365 452 2427 Antiochia
468 2381 498 2426 et
512 2364 683 2443 lohan(nis(
701 2365 739 2426 de
749 2364 872 2446 Tripoli
889 2366 1079 2448 principatus
1096 2382 1124 2428 et
1140 2365 1304 2427 comitatus
1313 2385 1399 2428 anno
1409 2367 1451 2428 lX
1461 2366 1561 2445 (Paoli
1571 2368 1594 2445 l,

284 2474 314 2537 p.
335 2455 520 2534 262—263,
538 2455 598 2516 No.
617 2473 674 2515 221
690 2471 696 2527 ;
722 2454 760 2515 cf.
778 2454 851 2517 Lois
870 2453 927 2535 (ed.
945 2453 1099 2534 Beugnot(
1118 2455 1152 2534 ll,
1169 2474 1200 2537 p.
1224 2455 1281 2534 164
1300 2455 1386 2534 not).
1500 2455 1594 2517 1317

366 2606 384 2638 ,,
433 2559 576 2642 Maj.31.
602 2566 709 2624 Accon
736 2561 872 2641 (gallice).
898 2595 942 2607 -
966 2562 1107 2623 Thomas
1131 2563 1255 2641 Berard,
1282 2562 1407 2645 Templi
1433 2563 1594 2645 magister,

284 2670 388 2713 coram
399 2651 535 2729 Thoma,
553 2651 702 2733 episcopo
718 2651 988 2714 Bethlehemitano
1005 2671 1039 2712 ac
1054 2651 1157 2731 legato
1173 2651 1261 2713 Sedis
1272 2651 1481 2733 Apostolicae,
1499 2653 1594 2717 Hart-

284 2759 402 2802 manno
420 2739 609 2818 (Herteman)
627 2741 664 2801 de
681 2740 874 2822 Helderong,
899 2760 1014 2820 magno
1037 2742 1291 2802 commendatore
1313 2741 1432 2804 ordinis
1447 2742 1595 2806 Theuto·

284 2830 428 2892 uicorum
446 2847 475 2890 et
491 2829 573 2890 vices
589 2830 725 2909 magistri
742 2847 877 2909 gerente,
895 2850 1021 2892 necnon
1038 2830 1221 2892 Godofredo
1238 2830 1362 2909 (loffrei)
1378 2831 1418 2893 de
1434 2830 1594 2916 Sergines,

284 2918 460 2981 senescalco
477 2935 506 2980 et
523 2918 647 2980 baillivo
664 2919 762 2998 regni,
779 2939 813 2980 ac
829 2920 1000 2982 Gnillelmo
1017 2918 1227 2999 (Guillaume),
1244 2920 1376 2981 domino
1387 2921 1452 2982 dou
1462 2922 1594 3002 Botron,

284 3007 513 3071 constabulario
530 3009 627 3088 regni,
653 3009 771 3070 arbitris
788 3008 959 3088 confirmat,
981 3009 1222 3071 controversiam
1240 3009 1319 3070 inter
1335 3010 1448 3072 domos
1463 3010 1594 3094 Templi

283 3115 312 3160 et
329 3097 509 3179 Hospitalis,
528 3097 577 3159 cui
593 3114 668 3159 tunc
685 3114 822 3181 praeerat
838 3099 934 3178 Hugo
951 3099 1058 3178 Revel,
1075 3099 1113 3160 de
1130 3097 1280 3160 casalibus
1296 3099 1409 3178 Cabor,
1420 3099 1594 3183 Caymout,

282 3188 311 3249 la
326 3188 407 3249 Feve
424 3203 453 3248 et
469 3188 597 3264 Damor,
615 3188 701 3268 quod
719 3188 812 3249 estin
830 3188 971 3250 dominio
989 3188 1179 3267 Sidoniensi,
1203 3188 1363 3249 diremtam
1387 3208 1465 3268 esse,
1488 3189 1594 3271 sigillo

283 3275 455 3338 confirmat.
481 3310 526 3320 —
551 3277 689 3338 Fratres:
716 3282 857 3359 Amaury
882 3278 920 3338 de
946 3278 974 3339 la
999 3277 1124 3352 Roche,
1155 3296 1289 3356 magnus
1315 3279 1563 3360 commendator,
1572 3282 1594 3358 1)

282 3366 463 3430 Guillaume
480 3366 518 3427 de
536 3366 637 3446 Malui,
662 3367 769 3428 locum
785 3382 895 3428 tenens
914 3367 1081 3444 marscalci,
1105 3366 1260 3428 Gonsalve
1279 3367 1403 3446 Martin,
1428 3387 1594 3431 commen-

283 3457 373 3517 dator
395 3456 509 3516 domus
532 3456 733 3536 Acconensis,
758 3456 884 3517 Richart
899 3456 927 3517 le
944 3457 1012 3537 Lop
1029 3456 1219 3538 drapparius,
1245 3456 1423 3518 Guillaume
1441 3457 1479 3518 de
1497 3459 1595 3521 Mon-

282 3544 436 3626 taignane,
446 3545 682 3606 commendator
691 3546 730 3607 de
741 3545 850 3624 Saette,
858 3546 1034 3606 Bernardus
1045 3546 1083 3607 de
1095 3546 1192 3625 Poais,
1202 3547 1438 3608 commendator
1446 3545 1595 3628 militum,

284 3635 379 3696 Hervi
396 3635 433 3696 de
458 3635 549 3716 Lyon
572 3634 788 3717 turcoplerius,
814 3633 935 3716 Symon
958 3636 996 3696 de
1019 3634 1048 3696 la
1070 3635 1146 3714 Tor,
1171 3634 1353 3696 castellanus
1376 3636 1441 3697 dou
1465 3636 1595 3717 Saphet,

283 3724 462 3786 Guillaume
479 3724 518 3785 de
530 3725 648 3800 Ι1111101,
665 3724 849 3785 castellanus
860 3725 897 3785 de
910 3725 1034 3786 Chastel
1045 3724 1176 3803 Pelerin,
1188 3723 1366 3785 Guillaume
1378 3725 1443 3786 dou
1454 3726 1594 3803 Chastel,

283 3812 467 3875 castellanus
483 3814 522 3874 de
538 3812 694 3891 Beaufort,
711 3814 812 3875 Pierre
824 3814 889 3876 dou
902 3814 1001 3895 Cayre
1018 3831 1047 3875 et
1063 3815 1209 3891 Daubon,
1227 3813 1301 3875 socii
1319 3813 1455 3894 magistri
1465 3814 1595 3898 Templi

283 3902 441 3979 (Delaville
459 3903 487 3964 le
505 3902 618 3981 Roulx,
635 3923 664 3985 p.
683 3905 863 3981 198—200,
881 3904 941 3965 Νο.
962 3924 998 3982 91
1022 3902 1068 3984 (cf.
1087 3923 1117 3985 p.
1138 3901 1206 3984 39];
1232 3904 1379 3983 Ducum,
1397 3924 1426 3986 p.
1448 3923 1594 3986 31—-35,

284 3993 344 4053 No.
364 4011 420 4067 11;
446 3992 548 4073 Prutz,
566 4012 595 4074 p.
614 3993 755 4071 69—70,
773 3993 833 4055 No.
854 3993 938 4073 314).
1501 3992 1595 4055 1318

358 4096 379 4162 ¹)
399 4093 457 4163 Qui
467 4094 584 4149 Urbano
595 4094 633 4148 lV
644 4095 799 4149 mandante
811 4095 945 4168 (29Febr.
959 4096 1025 4165 1264
1031 4111 1040 4175 3
1059 4095 1179 4164 14Mart.
1192 4096 1270 4164 1264)
1278 4105 1449 4165 praeceptor
1461 4092 1491 4150 in
1502 4096 1596 4153 Gallia

283 4164 390 4220 electus
404 4167 517 4235 (Posse,
530 4182 558 4290 p.
572 4169 690 4239 29-30)
703 4182 790 4238 saepe
804 4179 982 4222 memoratur
992 4165 1076 4234 (Bibl.
1087 4166 1123 4220 de
1133 4163 1235 4221 l'ecole
1246 4167 1272 4220 d.
1284 4166 1396 4221 chartes
1408 4165 1485 4237 1858,
1495 4185 1523 4239 p.
1533 4184 1596 4242 ²9¹3

284 4235 432 4309 Raynaldi,
445 4238 547 4292 Anna.
566 4236 641 4306 1268,
654 4253 682 4308 p.
697 4253 763 4308 2443
784 4239 925 4305 Potthast,
938 4239 993 4293 No.
1009 4237 1113 4306 20280)
1127 4249 1154 4292 et
1168 4237 1298 4293 secundo
1313 4236 1389 4292 bello
1404 4254 1487 4293 sacro
1502 4257 1519 4293 a
1534 4240 1596 4295 Lu-

283 4307 388 4364 dovico
402 4308 440 4363 ΙΧ
454 4325 479 4362 a.
497 4325 564 4379 ¹²70
577 4320 714 4380 suscepto
728 4308 855 4365 interfuit
868 4312 933 4381 (Ep.
948 4308 1082 4376 Condeti,
1096 4327 1122 4381 p.
1137 4310 1208 4380 665),

365 4448 383 4479 ,,
431 4401 504 4482 Mai.
518 4422 569 4483 31.
587 4407 695 4465 Accon
713 4403 850 4482 (gallice).
864 4437 904 4445 -
915 4404 1056 4465 Thomas
1072 4403 1196 4481 Berard,
1212 4403 1356 4482 magister
1365 4402 1502 4486 Templi,
1520 4424 1594 4467 cunt

282 4506 440 4555 conventu
464 4493 622 4554 renuntiat
645 4492 794 4554 omnibus
818 4491 937 4571 juribus
961 4492 1088 4553 civitatis
1105 4493 1250 4554 Ι1111011110
1267 4508 1296 4554 01
1313 4493 1454 4574 Margati,
1478 4493 1596 4557 deiude

283 4602 422 4663 mansus,
439 4600 535 4662 quem
552 4583 706 4644 habebant
724 4582 829 4643 fratres
849 4583 881 4644 in
898 4583 974 4644 urbe
992 4581 1128 4659 Sidonis,
1145 4582 1329 4664 priusquam
1344 4583 1418 4643 urbs
1434 4582 1543 4644 eadem
1562 4584 1598 4647 in

285 4691 396 4734 eorum
412 4690 525 4733 manus
541 4672 668 4753 venerit,
677 4671 697 4750 1)
714 4687 744 4733 et
760 4672 865 4733 casalis
881 4672 1033 4734 Cafarsset
1049 4672 1083 4733 in
1098 4672 1253 4733 territorio
1264 4671 1423 4733 Tabariae.
1446 4672 1598 4754 Magister

357 4811 377 4881 ¹)
397 4808 525 4865 Julianus
539 4826 615 4865 anno
635 4808 704 4865 1160
717 4809 858 4866 Sidonem
872 4821 901 4866 et
914 4810 1026 4866 Belfort
1040 4807 1175 4864 fratribus
1188 4807 1303 4880 Templi
1314 4807 1442 4864 vendidit
1456 4810 1598 4883 (Eracles,

285 4899 311 4954 p.
324 4897 394 4953 445;
414 4882 515 4937 Gestes
530 4881 557 4936 d.
571 4879 722 4954 Chyprois,
739 4899 766 4954 p.
785 4883 853 4950 162).
