3398 5400
590 339 670 414 regni
681 340 944 416 Hierosolymitani.
1362 369 1400 430 33

126 561 207 622 1260
223 560 288 623 iud.
306 560 343 622 lll
360 560 461 623 Lucae
473 560 505 623 in
515 560 627 642 palatio
644 561 821 644 episcopali)
831 583 863 624 se
874 562 996 642 vidisse,
1007 561 1108 642 sigillo
1119 561 1282 623 coufirmat
1292 562 1374 639 (ibid.
1385 563 1424 641 X,

119 668 149 731 p.
169 669 353 731 271—275,
368 650 430 713 No.
448 649 488 731 9).
1335 648 1425 710 1279

169 763 260 824 1259
276 766 388 828 Octob.
408 785 459 846 24,
484 765 547 827 ind.
566 765 611 827 lll.
638 770 754 828 Accon.
771 799 815 810 —
837 765 991 827 Henricus
1014 765 1265 847 archiepiscopus
1288 782 1317 828 et
1340 766 1425 848 capi-

119 853 222 916 tulum
238 856 383 917 ecclesiae
400 855 438 916 de
455 855 617 933 Nazareth,
638 874 738 935 quum
761 855 973 935 possessiones
995 875 1066 916 suas
1082 871 1208 936 propter
1223 855 1360 917 hostium
1378 855 1426 917 in-

120 963 239 1023 cursus,
264 945 433 1007 discordias
455 943 643 1006 villanorum
667 944 908 1006 Sarracenorum
932 960 961 1006 et
983 944 1080 1005 varias
1106 945 1262 1026 impensas
1286 945 1425 1006 obtinere

122 1052 187 1095 non
204 1035 335 1114 possint,
352 1033 506 1114 Hospitali
524 1052 579 1115 per
595 1053 726 1095 manum
744 1035 890 1114 Hugonis
907 1035 1002 1095 Revel
1024 1033 1161 1113 magistri
1177 1034 1217 1094 lV
1233 1034 1342 1095 casalia
1357 1034 1426 1096 dio-

120 1123 197 1184 cesis
208 1123 376 1186 antedictae
392 1123 425 1184 in
439 1122 510 1185 loco
520 1123 615 1185 Batus
626 1124 681 1184 sita
698 1139 726 1185 et
743 1124 854 1201 Roma,
866 1124 1020 1202 Rometta,
1032 1123 1290 1204 Caphrahusepth
1301 1139 1330 1184 et
1340 1124 1426 1185 Cana

120 1212 256 1275 Galilaea
279 1228 459 1294 nuncupata
481 1216 540 1274 sub
563 1213 678 1274 tributo
695 1213 719 1274 ll
735 1212 868 1274 millium
886 1211 1090 1274 bisantiorum
1107 1231 1162 1293 per
1177 1212 1313 1294 spatium
1329 1213 1355 1274 L
1370 1232 1426 1273 an-

121 1319 236 1363 norum
253 1302 355 1383 primo
366 1302 557 1364 venientium
574 1302 735 1364 annuatim
750 1303 986 1380 solvendorum,
997 1302 1186 1383 quibusdam
1196 1301 1262 1363 aliis
1272 1301 1426 1364 conditio-

121 1390 213 1453 nibus
224 1392 335 1453 additis
345 1406 374 1453 et
385 1390 564 1471 Guillelmo,
573 1391 791 1453 archidiacono
799 1393 961 1453 Nazareno
969 1391 1100 1472 syndico
1111 1389 1240 1469 jurante,
1250 1392 1427 1453 concedunt

121 1498 155 1540 ac
171 1480 279 1560 sigillis
295 1480 490 1543 confirmant.
507 1514 551 1524 -
567 1481 735 1560 Johannes,
747 1481 949 1543 marescalcus
965 1481 1004 1542 de
1022 1481 1160 1559 Nazaret,
1171 1482 1303 1542 Jacobus
1323 1480 1427 1542 Vitalis

121 1569 244 1648 milites,
269 1569 413 1650 magister
439 1571 588 1632 Ronanus
613 1569 816 1652 jurisperitus,
825 1571 845 1646 ¹)
871 1570 1007 1632 Aliottus
1033 1570 1187 1646 notarius;
1220 1571 1258 1631 de
1285 1569 1427 1631 fratribus

121 1658 306 1740 Hospitalis:
324 1659 715 1738 HenricusTheotonicus,
733 1679 866 1739 magnus
881 1675 1061 1741 praeceptor
1078 1659 1279 1738 Acconensis,
1296 1658 1427 1721 Guizar-

122 1749 181 1809 dus
198 1749 236 1810 de
254 1748 389 1811 Lentino
406 1747 616 1826 marescalcus,
627 1749 816 1812 Guillelmus
832 1751 870 1810 de
887 1748 1056 1827 Scorsellis,
1067 1748 1234 1826 Jocelmus,
1246 1748 1427 1810 castellanus

123 1838 241 1899 Montis
256 1839 396 1916 Thabor,
413 1837 584 1901 Gaufridus
600 1838 638 1900 de
655 1837 765 1901 Rellan
785 1838 880 1915 (Paoli
897 1839 918 1915 l,
935 1858 966 1920 p.
989 1841 1101 1901 162-
1114 1839 1184 1918 163,
1201 1838 1262 1899 No.
1286 1857 1362 1919 1333
1387 1838 1425 1900 cf.

121 1945 151 2007 p.
163 1947 233 2007 5293
246 1927 320 1989 Lois
330 1925 547 2009 [ed.Beugnot]
557 1927 591 2006 ll,
601 1947 651 2009 p.3
662 1947 686 2004 ¹3
698 1929 818 2009 Vogue',
826 1947 856 2010 p.
866 1947 881 2008 3
890 1929 1041 2008 56—3583
1051 1947 1144 2010 supra
1152 1928 1213 1989 No.
1222 1948 1231 1988 r
1241 1927 1323 2008 239).
1337 1925 1427 1987 1280

195 2031 217 2096 ¹)
236 2029 280 2083 De
295 2045 354 2100 quo
369 2027 437 2084 Lois
450 2028 508 2095 (ed.
521 2029 670 2100 Beugnot)
683 2029 715 2099 ll,
727 2045 754 2100 p.
769 2047 811 2102 3¹·

202 2174 221 2206 „
270 2131 381 2193 Octob.
395 2152 446 2211 24.
464 2131 809 2211 Aeson—Hemicus,
817 2131 1067 2213 archiepiscopus
1075 2131 1263 2211 Nazarenus,
1271 2151 1427 2195 consensu

121 2219 215 2280 totius
232 2220 368 2302 capituli,
392 2241 425 2282 se
448 2219 608 2302 Hospitale
633 2219 763 2303 ejusque
786 2221 868 2282 bona
892 2220 924 2281 in
948 2221 1092 2283 ecclesiae
1112 2240 1186 2283 suae
1202 2221 1428 2302 protectionem

121 2309 285 2388 specialem
312 2309 472 2392 recepisse,
496 2309 598 2390 sigillo
615 2309 786 2372 confirmat.
809 2344 853 2355 -
876 2311 1007 2371 Jacobus
1032 2309 1137 2371 Vitalis
1161 2310 1258 2388 miles,
1284 2311 1428 2392 magister

122 2398 295 2460 Bonannus
306 2397 509 2480 jurisperitus,
525 2399 659 2462 Aliottus
670 2401 817 2480 notarius,
829 2399 974 2479 magister
983 2399 1180 2479 Guillelmus,
1191 2399 1427 2463 archidiaconus

121 2487 309 2565 Nazarenus,
326 2488 465 2568 Saucius,
483 2489 654 2551 canonicus
669 2490 866 2565 Nazarenus3
893 2489 931 2551 de
948 2487 1091 2551 fratribus
1107 2489 1291 2570 Hospitalis:
1312 2489 1427 2551 Henri·

122 2595 187 2656 cus,
212 2597 344 2657 magnus
367 2593 548 2660 praeceptor
570 2579 771 2657 Acconensis,
796 2577 984 2641 Guillelmus
1007 2579 1044 2641 de
1069 2578 1237 2657 Scorsellis,
1259 2579 1426 2658 locelrnus,

121 2667 430 2729 castellanusMontis
437 2668 574 2747 Thabor,
583 2667 753 2730 Gaufridus
762 2669 799 2729 de
807 2668 917 2729 Rellau
925 2667 1019 2744 (Paoli
1028 2667 1049 2747 l,
1057 2668 1251 2750 p.163,No.t
1260 2669 1321 2749 34).
1337 2666 1423 2729 1281

203 2826 222 2859 „
270 2781 381 2842 Octob.
395 2801 446 2862 25,
463 2781 528 2842 ind.
541 2780 587 2843 lll.
606 2786 712 2843 Accon
729 2781 760 2843 in
778 2782 874 2844 domo
891 2781 1069 2864 Hospitalis.
1085 2814 1129 2825 -
1145 2781 1311 2861 Hearicus,
1328 2781 1429 2844 archi·

122 2869 288 2952 episcopus
298 2873 488 2950 Nazarenus,
499 2869 672 2949 coufirmat,
683 2891 715 2932 se
726 2870 879 2952 Hospitali
890 2870 1068 2933 dominium
1080 2871 1118 2932 de
1134 2871 1285 2932 Nazareth
1302 2890 1429 2933 necnon

121 2958 193 3020 xlx
209 2959 316 3021 casalia
332 2979 405 3022 curn
421 2960 547 3042 gastinis
563 2978 659 3021 censu
677 2961 744 3022 XIV
761 2959 895 3021 millium
917 2960 1122 3022 bisantiorum
1144 2959 1271 3022 annuali
1295 2961 1427 3022 tenenda

123 3049 321 3128 concessisse,
338 3050 392 3112 sed
403 3050 548 3132 precibus
558 3049 685 3110 Henrici
696 3050 894 3129 Theotonici,
906 3051 1010 3131 magni
1022 3049 1227 3131 praeceptoris
1238 3050 1428 3112 Acconensis

124 3154 153 3200 et
163 3137 244 3201 vices
254 3139 390 3219 magistri
401 3138 545 3218 gerentis,
556 3137 729 3220 pollicitum
741 3139 846 3219 fuisse,
863 3159 895 3201 se
912 3155 1012 3201 totum
1028 3138 1194 3217 defectum,
1204 3139 1258 3219 qui
1276 3138 1308 3200 in
1325 3139 1427 3201 reddi-

123 3227 206 3289 tibus
222 3228 325 3309 primo
341 3247 426 3290 anno
443 3248 479 3290 ex
495 3229 674 3289 memoratis
691 3228 777 3290 terris
792 3229 989 3291 extrahendis
1012 3227 1212 3307 inveniretur,
1229 3244 1428 3311 recepturum

122 3336 198 3378 esse.
215 3351 259 3362 —
276 3316 412 3379 Fratres:
428 3317 611 3396 Joscelmus,
629 3318 810 3379 castellanus
825 3318 943 3381 Montis
952 3318 1091 3395 Thabor,
1103 3317 1261 3396 Diaterno,
1273 3319 1428 3380 Robertus

122 3407 161 3467 de
178 3405 268 3483 Vela,
295 3407 441 3489 magister
465 3407 663 3487 Guillelmus,
687 3408 922 3469 archidiaconus
939 3408 1128 3469 Nazarenus.
1160 3408 1293 3469 Aliottus
1311 3407 1428 3488 Uguic-

122 3495 231 3646 {ponis
247 3495 407 3664 6ipnperiali
432 3495 610 3559 auctoritate
636 3494 728 3575 judex
754 3514 783 3558 et
809 3497 963 3575 notarius,
989 3496 1108 3577 scripsit
1133 3497 1233 3575 (Paoli
1257 3497 1278 3577 l,
1304 3498 1427 3646 plrzbgbz,

153 3604 183 3646 0.
207 3605 241 3666 ¹3
279 3633 286 3647 .

204 3735 223 3769 „
270 3691 391 3770 Octob.,
408 3692 473 3753 ind.
486 3692 531 3756 lll.
550 3691 686 3754 Veneriis
703 3692 735 3753 in
752 3693 853 3754 ducali
871 3692 992 3773 palatio.
1014 3727 1051 3736 —
1070 3691 1235 3754 Rainerius
1250 3693 1347 3772 Zeno,
1364 3693 1427 3755 dux

123 3781 280 3858 Venetiae,
297 3782 441 3864 precibus
451 3781 592 3843 Arnaudi
603 3781 767 3859 Efforsivii,
779 3782 981 3844 ambaxatoris
993 3781 1155 3860 Massiliae,
1167 3781 1240 3843 dicti
1250 3782 1428 3844 communis

122 3869 241 3933 civibus
261 3887 385 3952 pactum
408 3869 560 3933 societatis
583 3887 613 3932 et
635 3870 795 3951 amicitiae,
819 3872 905 3952 quod
929 3871 962 3933 iu
985 3875 1061 3934 urbe
1085 3872 1220 3934 Acconis
1242 3872 1427 3933 Laurentius

122 3959 290 4041 Teupulus
313 3961 490 4042 capitaneus
513 3975 543 4020 et
565 3961 690 4022 Marcus
711 3960 914 4040 lastinianus,
939 3959 1060 4040 bajulus
1084 3961 1288 4038 Venetorum,
1307 3981 1344 4022 ex
1366 3981 1428 4022 una

123 4064 207 4129 parte
224 4063 254 4111 et
270 4048 470 4112 Guillielmus
485 4050 611 4127 Comes,
629 4050 759 4112 nunnus
775 4065 805 4111 et
819 4053 996 4112 amburator
1012 4051 1126 4130 Caroli,
1144 4049 1266 4112 comitis
1282 4050 1428 4129 Andaga-

124 4138 236 4216 vensis,
247 4158 282 4200 ac
291 4138 403 4200 consul
415 4138 657 4200 Massiliensium
667 4139 900 4202 Acconensium
911 4160 947 4202 ex
957 4140 1049 4202 altera
1066 4156 1149 4221 pane
1162 4139 1310 4214 fecerunt,
1326 4139 1428 4220 sigillo

124 4226 289 4289 confirmat
310 4227 455 4304 (Ducum.
480 4228 593 4288 ine'dits
613 4248 667 4289 sur
682 4228 775 4291 l'hist.
793 4231 832 4290 de
848 4229 964 4290 France
989 4226 1160 4310 [Melanges
1176 4227 1245 4290 hist.
1263 4226 1320 4308 llll,
1344 4228 1428 4290 Paris

129 4316 221 4396 1880,
239 4336 269 4399 p.
286 4337 423 4398 12-14,
440 4319 500 4379 No.
521 4336 555 4394 23
580 4317 617 4381 cf.
633 4317 711 4380 Bibl.
729 4319 767 4379 de
783 4317 892 4380 l'e'cole
909 4319 939 4380 d.
956 4318 1075 4380 chartes
1091 4318 1172 4398 Blll,
1189 4337 1219 4400 p.
1233 4317 1316 4396 ato).
1338 4315 1428 4377 1283

205 4477 225 4509 ‚,
271 4431 408 4512 (gallice).
425 4466 469 4476 -
484 4433 649 4495 Boemond
666 4432 717 4514 Vl,
734 4432 879 4516 princeps
895 4433 1115 4496 Antiochenns
1131 4450 1160 4496 et
1176 4451 1281 4495 comes
1290 4432 1428 4514 Tripoli-

122 4537 226 4601 tanus,
243 4540 316 4583 cum
332 4523 448 4603 Hugue
464 4523 570 4602 Revel,
588 4521 734 4602 magistro
750 4522 929 4605 Hospitalis,
951 4543 1025 4605 pace
1048 4541 1196 4606 perpetua
1211 4522 1289 4585 facta
1303 4523 1427 4603 domos,

122 4610 230 4673 casalia
247 4624 276 4672 et
292 4627 386 4673 terras
402 4611 435 4673 in
449 4627 610 4693 sequestro
620 4611 729 4692 posita,
747 4612 771 4673 ll
787 4612 882 4674 millia
898 4611 1107 4693 anguillarum
1123 4613 1283 4675 annuatim
1300 4612 1428 4674 reddere

123 4716 154 4762 et
168 4700 297 4762 arbitros
307 4702 346 4763 ad
357 4699 422 4780 jura
432 4701 603 4783 Hospitalis
612 4700 802 4764 Antiocheni
813 4701 996 4764 declaranda
1006 4702 1118 4782 eligere
1128 4702 1293 4785 pollicetur
1303 4721 1427 4763 necnon

121 4790 294 4960 lipertatefitp
309 4791 435 4853 emendi
450 4806 479 4853 et
495 4790 652 4854 vendendi
668 4791 809 4853 concedit
825 4790 983 4868 (Delaville
999 4792 1028 4853 le
1044 4792 1158 4873 Roulx,
1174 4811 1204 4874 p.
1220 4793 1289 4873 196,
1301 4791 1427 4941 Nl'28894’i

123 4898 162 4942 c.
179 4899 209 4962 p.
229 4900 246 4942 a
283 4927 290 4942 .
1407 4944 1411 4950 .
