3398 5400
597 320 677 394 regni
690 319 952 394 Hierosolymitani.
1380 346 1423 407 47

117 417 278 427 ——n—-n

168 541 259 602 1139
276 544 349 605 Dec.
358 544 389 619 ¹l,
407 543 470 604 ind.
483 543 517 617 ll,
534 541 671 603 lun.Vll.
691 576 729 584 —
747 540 946 602 Raimundus
957 541 991 617 ll,
1002 561 1107 602 comes
1116 540 1342 623 Tripolitanos,
1353 561 1425 603 cum

121 653 217 695 uxore
234 633 394 694 Hodierna
412 652 468 714 pro
485 633 580 693 salute
597 632 880 712 praedecessorum,
897 631 1017 691 comitis
1029 630 1197 692 Raimundi
1214 632 1236 710 l,
1254 632 1424 703 Bertranni,

122 721 273 783 Willelmi
289 723 432 783 Jordanis
449 739 478 782 et
494 721 594 783 Pontii
613 721 705 800 patris
723 739 846 781 necnon
864 719 968 780 matris
984 720 1134 781 Caeciliae
1151 720 1295 781 ecclesiae
1313 720 1343 781 S.
1360 720 1426 781 Sal-

119 811 234 872 vatoris
250 813 288 872 de
306 813 414 873 Monte
430 811 535 871 Tabor
558 809 720 872 confirmat
745 809 840 870 casale
865 809 1050 870 Bethamum
1067 825 1159 889 atque
1176 809 1316 871 concedit
1334 810 1426 890 parti-

122 900 224 962 culam
242 899 336 979 illam,
354 920 434 981 quae
451 921 467 960 a
484 899 622 978 Georgio
639 898 719 980 Syro
735 899 798 959 sive
814 899 843 959 vi
861 899 923 959 sive
941 897 1016 960 dolo
1037 899 1136 959 eidem
1162 898 1305 960 ecclesiae
1329 897 1427 959 ablata

121 1011 158 1053 ex
181 1007 265 1071 parte
288 989 451 1051 Bethelion
476 990 531 1050 sita
557 1004 610 1049 est.
644 988 850 1050 Territorium
875 1005 977 1049 autem
1001 989 1157 1049 Bethsami
1181 989 1362 1049 terminatur
1389 991 1427 1049 ab

123 1079 241 1142 oriente
267 1099 366 1160 usque
389 1080 427 1140 ad
451 1079 529 1139 viam
555 1078 725 1158 antiquam,
743 1097 823 1158 quae
840 1093 883 1138 est
901 1078 979 1138 inter
995 1077 1161 1138 Botsoflam
1180 1095 1208 1139 er
1224 1078 1425 1138 Bethsamum

123 1170 331 1244 nominatum,
349 1190 365 1229 a
383 1169 510 1229 meridie
528 1168 680 1247 usquead
696 1167 777 1226 viam
789 1183 922 1227 veterem
934 1165 1016 1244 juxta
1027 1165 1211 1248 Retlrelyon,
1220 1170 1258 1228 ab
1268 1168 1427 1228 occidente

124 1277 223 1338 usque
247 1258 284 1318 ad
307 1274 418 1319 terram
443 1258 473 1318 S.
494 1257 608 1318 Mariae
632 1257 766 1330 Latinae,
790 1256 1031 1336 aseptentrione
1057 1257 1216 1336 usquead
1241 1256 1427 1317 territorium

124 1347 229 1408 casalis
253 1347 331 1408 Petri
355 1348 393 1408 de
417 1347 516 1408 Podio
540 1346 697 1407 Laurentii
723 1345 836 1406 scilicet
860 1346 1103 1407 Montemcucul.
1138 1347 1207 1407 Hoc
1222 1346 1316 1425 igitur
1332 1347 1428 1406 casale

122 1437 213 1498 tradit
238 1455 342 1497 comes
368 1435 534 1513 Gaulrido,
568 1436 685 1497 Montis
711 1436 816 1496 Tabor
841 1435 957 1511 abbati,
985 1435 1120 1496 Martino
1146 1435 1251 1515 priori,
1277 1434 1429 1496 Gamerio

125 1525 282 1587 monacho
299 1542 328 1586 et
344 1526 456 1587 Pontio
474 1525 632 1586 Renuardi
649 1544 754 1587 coram
771 1523 922 1600 Giraudo,
939 1523 1145 1605 Tripolitano,
1170 1524 1309 1603 Giraldo,
1334 1524 1396 1585 Raf
1412 1556 1429 1568 ·

124 1615 236 1691 niensi,
253 1614 416 1696 episcopis,
436 1614 588 1692 Alberico,
607 1615 724 1675 Montis
740 1614 894 1692 Peregrini
913 1614 1025 1694 priore,
1044 1614 1123 1693 regis
1139 1614 1309 1675 baronibus
1325 1634 1429 1675 assen-

124 1704 271 1765 tientibus
294 1703 408 1765 scilicet
427 1704 524 1765 Silvio
541 1703 779 1775 constabulario,
804 1704 893 1764 Petro
910 1704 948 1764 de
965 1704 1064 1765 Podio
1082 1702 1249 1776 Laurentii
1267 1702 1429 1764 Willelmo

124 1794 254 1866 Ebriaci,
279 1793 455 1855 Guocelino
472 1795 509 1854 de
527 1793 707 1870 Chalmunt,
728 1793 889 1854 Willelmo
908 1793 946 1852 de
964 1793 1047 1866 Crat,
1071 1794 1159 1853 Petro
1184 1792 1375 1874 Raymundo
1392 1793 1429 1853 de

124 1882 241 1944 Balma.
275 1881 447 1944 Gaulridus
463 1900 565 1943 autem
583 1885 675 1942 abbas
692 1882 796 1943 comiti
814 1880 989 1962 lampadem
1014 1901 1071 1963 pro
1094 1882 1191 1962 ipsius
1214 1899 1242 1943 et
1266 1899 1429 1962 parentum

124 1970 264 2050 ejusdem
290 1972 387 2033 salute
413 1972 445 2032 in
470 1988 638 2053 conspectu
665 1971 942 2050 transfigurationis
975 1971 1101 2032 Domini
1135 1972 1165 2031 in
1192 1972 1300 2033 Monte
1325 1971 1431 2032 Tabor

125 2080 263 2122 arsuram
287 2061 458 2122 conlirmat.
479 2096 521 2104 -
539 2062 747 2134 Raimundus,
773 2081 879 2121 comes
901 2060 1125 2141 Tripolitanus,
1150 2061 1310 2122 Hodierna
1334 2060 1429 2120 comi-

125 2151 206 2223 tissa,
218 2151 386 2212 Jotranmts
403 2151 611 2226 cancellarius,
623 2151 677 2231 qui
695 2166 805 2210 cartam
824 2150 955 2224 dictavit,
973 2150 1103 2211 Pontius
1120 2152 1157 2210 de
1175 2150 1284 2231 Syura,
1302 2150 1431 2212 Pontius

127 2240 285 2315 Bernardi,
298 2240 452 2312 Albertus,
470 2240 613 2319 magister
630 2240 760 2317 comitis,
772 2240 930 2301 Giraudus
945 2241 1029 2313 Zelo,
1046 2240 1212 2300 Brunellus
1228 2239 1432 2312 senescalcus,

128 2329 326 2390 Raimundus
343 2330 481 2402 Arnaldi,
500 2329 669 2390 Rainaldus
686 2329 880 2390 camerarius.
906 2329 1066 2390 Guarinus
1082 2329 1179 2389 scriba
1196 2329 1233 2390 de
1252 2328 1430 2389 Bethlehem

127 2434 240 2479 cartam
257 2418 376 2499 scripsit
393 2419 487 2495 (Paoli
506 2419 527 2494 l,
545 2438 574 2500 p.
599 2440 645 2497 19,
665 2420 723 2479 Νο.
748 2421 801 2491 18,
827 2418 864 2479 cf.
883 2438 912 2499 p.
930 2419 1128 2498 477—478l.
1367 2416 1427 2476 191

204 2524 221 2580 Ι)
240 2518 270 2573 ln
285 2531 363 2574 textu
378 2519 466 2575 falso:
487 2520 549 2574 Xlll
561 2520 597 2573 id.
613 2519 796 2585 llecembris3
810 2537 878 2574 num
896 2519 1051 2591 legendum
1065 2532 1108 2574 est
1123 2520 1182 2573 Vlll
1195 2519 1231 2574 id.
1246 2518 1432 2574 Decembris?

210 2659 228 2690 „
275 2649 318 2657 -
336 2615 478 2691 Caecilia,
496 2616 650 2677 comitissa
666 2615 870 2696 Tripolitana,
892 2634 948 2694 pro
965 2615 1060 2675 salute
1077 2615 1198 2675 animae
1216 2614 1316 2675 Pontii
1334 2613 1433 2675 mariti

127 2723 284 2765 consensu
302 2705 423 2765 comitis
435 2704 604 2765 Raimundi
617 2704 669 2764 lilii
688 2705 830 2784 precibus
848 2705 926 2783 regis
938 2704 1086 2765 Falconis
1096 2718 1125 2764 et
1135 2704 1257 2783 reginae
1271 2703 1434 2764 Milisende

128 2793 286 2855 canonicis
303 2794 333 2854 S.
351 2793 514 2874 Sepulchri
532 2812 586 2874 per
603 2813 732 2855 manum
750 2794 896 2872 ngrini,
914 2794 1024 2874 prioris
1042 2793 1158 2854 Montis
1174 2793 1341 2870 Peregrini,
1359 2812 1434 2854 con·

128 2882 217 2955 cedit,
230 2898 263 2943 ut
273 2902 394 2959 omnes,
412 2883 466 2962 qui
484 2883 587 2959 velint,
604 2883 636 2943 in
655 2883 748 2945 furno
764 2899 937 2945 conventus
955 2899 1101 2963 coquam.
1119 2916 1160 2924 —
1178 2883 1334 2958 Giraldus,
1354 2881 1431 2962 epis-

129 2991 228 3052 copus
253 2971 478 3051 Tripolitanos,
503 2974 610 3033 Petrus
631 2972 669 3032 de
694 2972 792 3034 Podio
816 2972 982 3044 Laurentii,
1008 2972 1114 3032 Petrus
1138 2972 1337 3032 Raimundus
1353 2972 1390 3032 de
1408 2971 1434 3031 la

129 3062 244 3135 Balma,
255 3061 412 3122 locelinus
429 3062 467 3121 de
483 3061 818 3137 Calmonthalmunt),
837 3061 950 3123 Silvius
966 3062 1131 3134 Robertus,
1147 3062 1254 3122 Petrus
1271 3061 1308 3121 de
1326 3060 1434 3137 Podi0,

130 3151 214 3231 prior
225 3151 262 3210 de
274 3150 436 3231 Hospitali,
449 3151 592 3232 magister
603 3151 775 3222 Albericus,
787 3151 870 3231 prior
881 3152 919 3211 de
930 3151 1098 3229 Bethleem,
1108 3151 1286 3211 Willelmus
1297 3150 1435 3231 Apieres,

129 3240 299 3320 placearius
319 3241 433 3301 Montis
450 3240 617 3318 Peregrini,
643 3240 813 3302 Homodeu
835 3241 1014 3317 (Homodei)
1032 3240 1181 3315 (Ponere,
1200 3260 1229 3320 p.
1254 3241 1435 3320 183-184,

131 3330 190 3390 No.
209 3347 267 3407 92;
295 3329 367 3390 Lois
385 3327 442 3408 [ed.
462 3328 613 3408 Beugnot]
633 3330 667 3406 ll,
692 3349 721 3410 p.
739 3350 815 3409 499,
840 3331 900 3391 No.
921 3349 977 3403 203
1005 3330 1120 3408 Migne,
1143 3349 1172 3409 p.
1197 3348 1437 3407 1192—1193,

130 3419 191 3479 Νο.
210 3419 272 3496 92).
1371 3416 1437 3477 192

180 3521 270 3583 1140
285 3525 483 3594 Jan.,ind.lll.
497 3560 536 3567 -
546 3526 784 3601 Raimundusll,
794 3526 1293 3606 comesTripolitanus,consensu
1303 3525 1437 3585 Hodier-

131 3633 188 3674 nae
206 3614 322 3687 uxoris,
337 3615 416 3693 regis
433 3615 707 3696 Hierosolymitani
725 3615 813 3688 liliae,
831 3631 859 3675 et
877 3615 1019 3696 precibus
1030 3615 1180 3675 Willelmi
1198 3615 1383 3695 patriarchae
1400 3616 1437 3674 ab

131 3705 207 3765 urbe
220 3703 383 3764 Antiochia
397 3703 613 3785 Hierosolyma
625 3705 801 3764 revertentis
812 3724 936 3765 necnon
948 3704 1113 3780 Fulcherii,
1127 3704 1285 3785 Tyrensis,
1299 3703 1437 3777 Roberti,

131 3793 292 3869 Nazareni,
310 3793 626 3874 archiepiscoporum,
644 3809 673 3853 et
686 3794 842 3862 bernardi,
860 3793 1063 3875 Sydoniensis
1080 3793 1228 3874 episcopi,
1246 3793 1388 3853 fratribus
1406 3792 1436 3852 S.

131 3881 294 3962 Sepulchri
312 3882 344 3942 in
361 3883 661 3963 portuTripolitano
677 3883 809 3944 liberum
827 3885 941 3944 exitum
960 3900 989 3943 et
1005 3884 1123 3944 aditum
1141 3882 1282 3943 concedit
1299 3898 1327 3942 et
1344 3881 1438 3962 privi-

131 3971 220 4051 legia,
245 3990 325 4051 quae
343 3971 551 4047 Raimundus,
576 3991 681 4032 comes
705 3973 734 4033 S.
754 3973 864 4051 Egidii,
884 3973 1060 4033 Willelmus
1076 3971 1227 4046 Jordanis,
1246 3991 1344 4052 nepos
1361 3969 1437 4047 ejus,

131 4060 308 4121 Bernardus
324 4077 352 4120 et
369 4061 499 4122 Pontius
515 4061 643 4122 comites
659 4062 822 4138 dederunt,
833 4063 850 4139 ¹)
875 4081 998 4123 necnon
1023 4061 1053 4122 S.
1072 4061 1243 4140 Georgium
1261 4061 1363 4139 sigillo
1379 4080 1438 4121 suo

131 4148 304 4210 confirmat.
327 4184 361 4192 —
381 4149 538 4225 Giraldus,
556 4151 722 4230 episcopus
738 4152 885 4232 Tripolis,
909 4152 1067 4212 lohannes
1090 4150 1271 4226 canonicus,
1296 4150 1439 4229 magister

132 4238 550 4317 Gillebertusffiislebertus),
561 4240 724 4300 Rainerius
735 4240 990 4315 constabularius,
1000 4240 1153 4301 Petrusde
1164 4239 1261 4300 Podio
1271 4239 1437 4313 Laurentii,

133 4328 312 4390 Willelmus
330 4328 508 4405 Rainoardi,
533 4329 741 4390 Gauscelinus
758 4328 966 4406 (Goscelinus)
988 4330 1025 4389 de
1042 4330 1248 4404 Cavomonte,
1261 4329 1439 4389 Willelmus

132 4415 304 4491 Porcelleti,
315 4417 405 4486 Saxo,
419 4419 548 4479 Pontius
565 4419 602 4479 de
620 4419 708 4487 Sura,
727 4419 879 4480 Geraldus
896 4418 1009 4497 isnelli,
1027 4416 1193 4479 Brunellus
1211 4417 1338 4498 dapifer,
1356 4417 1439 4499 Ray-

132 4508 273 4568 mundus
291 4508 454 4578 Lamberti,
472 4508 601 4569 Pontius
618 4506 746 4582 Giraldi,
765 4509 941 4589 Stephanus
959 4527 1120 4576 monacus,
1132 4507 1302 4581 Otrannus,
1320 4506 1439 4567 cancel-

132 4595 228 4656 larius
247 4596 378 4672 comitis,
396 4598 449 4676 qui
474 4599 609 4658 chartam
634 4598 755 4658 dictavit
781 4599 932 4673 (Roziere,
950 4617 979 4679 p.
1004 4598 1185 4676 184—185,
1202 4597 1263 4658 No.
1282 4616 1340 4676 933
1366 4596 1440 4656 Lois

134 4683 194 4765 [ed.
211 4683 365 4765 Beugnot]
383 4686 418 4762 ll,
443 4706 472 4766 p.
494 4707 676 4767 504—505,
698 4688 759 4748 No.
779 4707 835 4768 233
863 4688 979 4767 Migne,
997 4706 1026 4767 p.
1052 4706 1276 4766 1193-1194,
1302 4688 1362 4747 Νο.
1380 4701 1438 4765 93;

135 4774 312 4850 Duchesne,
331 4775 409 4837 Hist.
426 4775 545 4856 geneal.
565 4777 602 4837 de
619 4775 647 4836 la
664 4777 786 4839 maison
803 4778 840 4837 de
858 4777 1094 4858 Chasteigneur‚
1115 4777 1199 4837 Paris
1223 4777 1314 4855 1634,
1332 4794 1438 4856 preuv.

133 4883 164 4946 p·
186 4865 335 4945 37-38).
467 4880 484 4940 ¹)
499 4875 543 4931 Cf.
558 4893 642 4948 supra
657 4877 711 4932 No.
724 4877 768 4948 48,
782 4877 824 4950 58,
842 4895 898 4950 191,
917 4895 972 4949 ¹9²·
1375 4861 1440 4924 193
