3398 5400
292 337 353 417 336
852 328 1028 401 Regesta

338 558 509 621 12601211.
529 581 558 637 7,
585 559 648 621 ind.
666 559 746 621 XIV.
778 563 896 620 Accon.
921 592 966 602 -
991 558 1177 636 Florentius,
1203 559 1368 640 episcopus
1392 559 1596 636 Acconensis,

288 664 453 730 postquam
478 650 558 710 inter
580 649 684 730 ipsum
701 663 731 709 et
746 648 843 729 ipsius
862 650 1114 730 praedecessores
1130 668 1166 708 ex
1184 668 1246 709 una
1263 665 1346 729 parte
1364 664 1392 710 et
1407 650 1596 725 Iohannem,

289 739 457 819 plebanum
475 739 505 800 S.
518 739 613 800 Marci
624 739 817 799 Venetorum
834 738 1034 815 Acconeosis,
1051 736 1181 818 ejusque
1198 739 1451 818 praedecessores
1468 739 1506 799 de
1523 757 1598 799 cura

289 827 458 909 parochiali
468 827 565 889 dictae
577 828 721 889 ecclesiae
736 844 767 888 et
783 827 958 889 obedientia
975 827 1123 908 episcopo
1134 828 1308 888 Acconensi
1320 827 1460 889 facienda
1471 847 1597 889 necnon

288 917 427 979 nobilem
444 918 619 979 lohannem
636 918 829 993 Dandulum,
848 916 988 996 bajulum
999 917 1192 978 Venetorum
1204 917 1447 995 Acconensium,
1465 915 1597 997 eiusque

288 1006 481 1068 consiliarios
504 1008 704 1068 Leonardum
728 1008 956 1068 Maurocenum
976 1021 1005 1067 et
1022 1006 1177 1067 Marinum
1203 1007 1420 1068 Contarenum
1443 1005 1597 1067 discordia

289 1096 380 1158 fuerit
405 1113 520 1175 exorta,
546 1097 626 1157 hanc
650 1097 911 1177 compositionem
935 1096 1144 1173 intervenisse,
1171 1096 1272 1175 sigillo
1297 1095 1469 1175 confirmat,
1496 1111 1532 1158 ut
1557 1097 1597 1157 de

288 1202 389 1246 cetero
400 1185 552 1266 plebanus
568 1187 740 1247 antedictus
756 1201 923 1247 contentus
939 1186 987 1263 sit,
998 1202 1151 1266 quantum
1168 1186 1206 1246 ad
1224 1184 1402 1266 parochiam
1419 1201 1448 1246 et
1465 1205 1596 1248 omnem

288 1294 393 1336 curam
417 1275 625 1356 parochialem
649 1291 679 1337 et
701 1295 796 1336 omne
819 1273 866 1354 jus
890 1274 1058 1356 spirituale,
1075 1293 1171 1356 quam
1187 1274 1235 1335 vel
1252 1276 1338 1356 quod
1361 1275 1418 1335 sibi
1437 1275 1596 1337 vindicare

287 1365 383 1445 possit
409 1384 602 1446 quocunque
629 1366 726 1427 modo
749 1365 782 1426 in
805 1364 923 1426 civitate
947 1381 976 1426 et
998 1365 1114 1426 diocesi
1138 1364 1313 1426 Acconensi
1339 1363 1490 1425 limitibus
1513 1364 1594 1426 istis:

287 1454 410 1532 scilicet,
428 1470 583 1535 quantum
605 1456 739 1515 ambitus
762 1473 919 1515 novorum
942 1473 1118 1532 murorum,
1136 1473 1217 1534 quos
1238 1473 1339 1535 nuper
1355 1452 1596 1515 aedificaverunt

288 1564 394 1605 versus
419 1544 552 1624 plateam
576 1544 781 1605 Januensium
805 1559 834 1604 et
857 1544 1008 1624 hospitale
1032 1543 1063 1604 S.
1086 1543 1238 1604 Johannis
1260 1558 1289 1604 et
1312 1562 1411 1605 novae
1435 1543 1596 1604 clausurae

288 1649 457 1714 portarum,
467 1654 544 1714 quas
556 1653 656 1714 nuper
666 1649 905 1695 construxerunt
914 1653 1020 1694 versus
1032 1633 1145 1711 vicum,
1154 1633 1209 1713 qui
1219 1633 1331 1694 dicitur
1342 1632 1595 1711 Provincialium,

288 1723 527 1804 comprehendit
539 1723 599 1784 hoc
609 1724 724 1799 addim,
743 1739 776 1785 ut
792 1737 873 1783 extra
885 1737 1005 1804 portam
1017 1722 1100 1783 illam
1112 1742 1237 1800 novam,
1249 1741 1345 1802 qnam
1354 1721 1596 1783 aedificaverunt

287 1813 325 1872 ad
342 1827 434 1892 caput
450 1812 551 1894 palatii
572 1811 676 1891 bajuli,
700 1813 900 1893 procedendo
924 1813 962 1872 de
986 1812 1017 1872 S.
1037 1812 1142 1873 Marco
1165 1830 1271 1873 versus
1287 1811 1392 1873 vicum
1408 1828 1596 1893 coopertum

287 1901 460 1982 pertineant
476 1902 514 1962 ad
532 1902 644 1963 dictam
661 1921 766 1963 curam
783 1900 908 1982 plebani
923 1901 947 1962 ll
963 1901 1111 1962 stationes
1134 1901 1197 1961 sive
1214 1902 1329 1962 domus
1352 1920 1453 1982 usque
1475 1901 1515 1962 ad
1539 1920 1595 1962 an·

286 1991 398 2069 gulum
416 1991 507 2071 primi
525 1991 581 2052 vici
598 1991 660 2052 sive
678 2011 782 2070 rugae,
800 1991 853 2071 qui
870 1991 919 2051 vel
935 2010 1014 2071 quae
1031 1991 1127 2069 vergit
1143 2010 1250 2051 versus
1266 1990 1297 2051 S.
1316 1990 1447 2051 Mariam
1463 1990 1595 2051 Provin-

287 2079 423 2160 cialium,
435 2096 464 2141 et
475 2080 614 2143 similiter
630 2082 777 2141 stationes
793 2080 855 2141 sive
867 2080 992 2159 domus,
1004 2099 1083 2160 quae
1100 2095 1174 2141 sunt
1190 2100 1225 2140 ex
1243 2079 1296 2139 illo
1312 2080 1403 2140 latere
1421 2080 1501 2140 inter
1515 2099 1595 2140 euu-

288 2170 360 2230 dem
382 2169 487 2231 vicum
510 2191 546 2231 ex
569 2187 653 2250 parte
671 2171 864 2232 Venetorum
887 2190 987 2250 usque
1008 2169 1045 2229 ad
1063 2169 1191 2230 furnum
1207 2169 1342 2249 regalem
1358 2168 1522 2248 exclusive,
1540 2168 1596 2249 qui

290 2259 401 2320 furnus
417 2275 462 2320 est
485 2257 517 2319 in
535 2260 652 2338 angulo
668 2258 725 2320 vici
742 2260 805 2320 sive
823 2279 928 2339 rugae,
945 2258 999 2340 qui
1021 2258 1069 2318 vel
1094 2278 1173 2339 quae
1197 2258 1309 2319 dicitur
1331 2256 1478 2319 Paleacia.
1518 2258 1596 2319 ltem

287 2368 393 2409 versus
410 2364 550 2409 catenam
568 2354 783 2410 Acconeosem
800 2364 913 2410 exeunt
929 2347 1042 2409 limites
1059 2347 1156 2408 dictae
1173 2347 1336 2428 parochiae
1353 2367 1453 2428 usque
1470 2347 1508 2409 ad
1525 2347 1596 2428 log-

287 2437 370 2517 giam
386 2439 520 2517 regalem
538 2437 690 2499 exclusive
707 2439 780 2499 citra
796 2453 935 2499 catenam
959 2457 1065 2497 versus
1089 2437 1119 2498 S.
1138 2437 1333 2498 Demetrium
1350 2452 1379 2497 et
1402 2436 1432 2499 S.
1451 2437 1595 2498 Marcum

287 2528 338 2605 ita,
356 2543 390 2589 ut
407 2527 460 2607 illi,
477 2527 532 2608 qui
549 2527 742 2589 interdictos
758 2527 869 2588 limites
886 2527 1063 2607 dictamque
1087 2527 1260 2587 clausuram
1277 2543 1306 2586 et
1322 2545 1430 2588 muros
1446 2525 1510 2587 sive
1528 2545 1594 2586 am-

288 2617 388 2678 bitum
405 2634 575 2695 motantur,
593 2618 630 2678 ad
648 2617 719 2678 dicti
736 2617 858 2698 plebani
876 2634 905 2677 et
921 2616 1065 2677 ecclesiae
1082 2616 1113 2677 S.
1133 2615 1228 2676 Marci
1244 2634 1352 2676 curam
1368 2631 1398 2677 et
1414 2616 1596 2697 parochiam

286 2707 469 2786 pertineant.
504 2705 671 2767 Ecclesiam
694 2722 797 2767 autem
821 2706 850 2767 S.
870 2705 1018 2766 Demetrii
1042 2722 1071 2766 et
1093 2724 1204 2766 omnes
1220 2704 1286 2783 ejus
1302 2705 1520 2785 parochianos,
1539 2704 1595 2786 qui

289 2796 366 2856 intra
383 2796 480 2857 dictae
496 2796 655 2857 clausurae
673 2795 890 2876 dictorumque
911 2794 1046 2856 limitum
1063 2795 1213 2855 ambitum
1231 2794 1441 2872 continentur,
1458 2794 1595 2876 plebano

287 2885 476 2966 quibusdam
501 2885 735 2947 conditionibus
761 2885 885 2946 dimittit
910 2903 1034 2946 necnon
1060 2884 1173 2945 domos
1198 2903 1269 2944 suas
1292 2884 1372 2945 inter
1394 2883 1424 2946 S.
1442 2883 1594 2945 Demetrii

287 2974 445 3035 ecclesiam
456 2995 569 3037 exuno
579 2975 671 3037 latere
681 2991 712 3036 et
722 2975 853 3036 domum
864 2973 1015 3036 Johannis
1026 2974 1063 3034 de
1074 2973 1209 3055 Nephiu,
1220 2973 1382 3053 burgensis
1391 2973 1595 3053 Acconensis,

286 3063 367 3141 sitas,
391 3084 427 3124 ex
443 3064 505 3125 alio
522 3080 550 3125 et
566 3067 604 3125 ab
620 3065 764 3126 anteriori
781 3064 885 3125 vicum
908 3064 988 3145 regis
1008 3064 1156 3124 habentes
1176 3078 1205 3123 et
1220 3083 1237 3123 a
1254 3063 1416 3144 posteriori
1434 3082 1517 3123 mare
1534 3064 1594 3124 sub

287 3152 413 3214 annuali
424 3173 519 3215 censu
531 3154 643 3216 CCCC
654 3155 858 3215 bisantiorum
869 3152 1019 3215 concedit.
1045 3153 1179 3213 Plateam
1194 3171 1269 3212 vero
1285 3152 1348 3213 sive
1363 3153 1496 3214 domum
1514 3152 1596 3213 inter

288 3242 422 3304 fundum
441 3243 633 3304 Venetorum
657 3264 694 3305 ex
716 3263 782 3305 uno
803 3244 894 3305 latere
910 3259 939 3303 et
955 3241 1116 3303 ecclesiam
1132 3242 1195 3302 sive
1212 3242 1367 3322 porticum
1395 3241 1425 3303 S.
1444 3241 1596 3303 Demetrii

287 3351 323 3392 ex
340 3332 400 3393 alio
416 3348 446 3393 et
461 3334 499 3393 ab
515 3333 660 3394 anteriori
676 3334 842 3395 habentem
866 3333 969 3394 vicum
993 3331 1124 3410 regium,
1144 3352 1161 3392 a
1178 3330 1341 3413 posteriori
1357 3332 1491 3393 domum
1507 3350 1595 3412 ptes-

288 3422 401 3503 byteris
418 3422 448 3483 S.
460 3421 609 3483 Demetrii
625 3426 775 3484 tenebunt
785 3422 895 3484 Veneti
910 3437 940 3483 et
950 3421 1036 3482 XXV
1047 3421 1194 3482 bisantios
1210 3421 1241 3482 S.
1254 3420 1402 3481 Demetrii
1418 3435 1448 3481 et
1463 3420 1595 3482 totidem

287 3530 343 3593 pro
356 3512 453 3573 domo
463 3512 642 3573 sacerdotali
659 3527 688 3573 et
704 3512 736 3573 in
753 3511 1001 3591 recognitionem
1012 3511 1160 3572 dictarum
1179 3509 1381 3589 subjectionis
1397 3525 1426 3571 et
1443 3511 1595 3571 obedien-

286 3600 344 3661 tiae
363 3601 387 3660 L
403 3602 564 3663 annuatim
581 3601 690 3663 Veneti
708 3603 839 3679 solvent,
856 3602 909 3662 sed
928 3602 986 3662 hos
1002 3601 1028 3661 L
1044 3601 1172 3661 reddere
1196 3600 1326 3661 minime
1350 3600 1552 3679 tenebuntur,
1568 3599 1595 3660 si

287 3689 443 3751 christiani
460 3711 497 3751 ex
514 3693 589 3752 urbe
606 3710 678 3751 cum
701 3692 848 3773 episcopo
865 3692 902 3751 ab
919 3690 1096 3751 infidelibus
1112 3689 1347 3771 expellerentur.
1376 3689 1433 3749 His
1449 3704 1479 3750 et
1495 3689 1595 3770 pluri-

287 3782 346 3840 bus
361 3780 427 3840 aliis
447 3780 680 3841 conditionibus
696 3781 840 3863 expositis
857 3780 1010 3841 debitores
1027 3796 1055 3840 et
1072 3779 1256 3860 principales
1272 3778 1443 3839 redditores
1459 3778 1595 3840 lacobus

287 3868 392 3930 Vitalis
415 3870 513 3947 miles,
538 3870 645 3931 Petrus
669 3870 796 3948 Bricius,
821 3870 995 3931 Matthaeus
1021 3869 1194 3929 Marmorar
1218 3884 1247 3929 et
1270 3866 1529 3931 Bartholomaeus
1555 3868 1595 3929 de

286 3959 420 4021 Castello
436 3979 468 4020 se
485 3960 686 4021 constituunt.
703 3992 747 4002 -
763 3961 888 4040 Hebyas
903 3958 941 4020 de
952 3957 1108 4037 Chalesio,
1119 3958 1262 4019 ecclesiae
1274 3958 1435 4019 Romanae
1447 3956 1595 4039 publicus

286 4048 434 4126 notarius,
446 4048 565 4130 scripsit
575 4048 761 4128 (Cornelius,
773 4050 888 4110 Eccles.
898 4049 1007 4112 Venet.
1017 4049 1056 4126 X,
1071 4063 1147 4128 part.
1165 4068 1190 4127 1,
1202 4068 1231 4129 p.
1245 4067 1324 4126 2293
1341 4044 1596 4108 Talei-Thomas

286 4137 333 4215 lll,
349 4158 379 4219 p.
399 4140 538 4219 31—38,
561 4139 622 4200 No.
642 4158 721 4220 3433
747 4139 784 4201 cl.
809 4138 956 4200 Archives
979 4139 1009 4199 d.
1033 4137 1116 4198 miss.
1133 4136 1264 4199 scientis.
1282 4137 1317 4216 ll,
1335 4156 1365 4218 p.
1385 4137 1594 4217 361-3623

286 4227 378 4309 Heyd
394 4227 416 4307 l,
433 4248 463 4309 p.
487 4227 567 4308 ¹52l·
1501 4223 1595 4285 1285

368 4385 387 4417 „
433 4342 499 4403 Jan.
510 4341 576 4403 init.
594 4340 671 4423 Tyri
682 4339 818 4420 (gallice).
836 4374 880 4385 -
895 4340 1007 4420 Johan,
1024 4340 1173 4402 dominus
1190 4341 1228 4401 de
1246 4339 1307 4402 Sur
1322 4356 1351 4400 et
1367 4339 1433 4401 dou
1449 4339 1596 4420 Thoron,

286 4431 438 4511 Hospitali
461 4451 515 4512 per
539 4450 669 4493 manum
693 4430 829 4511 magistri
852 4430 1000 4510 Hugonis
1021 4429 1157 4510 (Hugue)
1174 4431 1270 4491 Revel
1285 4429 1367 4490 varia
1384 4428 1544 4511 privilegia
1560 4449 1597 4491 ac

285 4520 369 4582 dona
387 4519 489 4600 sigillo
506 4521 617 4600 munit,
641 4521 779 4602 primum
803 4520 916 4581 scilicet
932 4520 1028 4582 casale
1046 4521 1158 4581 Maron
1175 4520 1207 4581 in
1224 4518 1377 4581 territorio
1393 4518 1471 4600 Tyri
1486 4518 1595 4599 situm,

285 4610 335 4671 cui
353 4610 453 4671 vicina
468 4625 542 4671 sunt
558 4610 666 4671 casalia
682 4610 894 4689 Andreguisse
911 4625 940 4670 et
955 4608 1098 4671 Torciale
1115 4624 1144 4669 et
1159 4609 1278 4689 gastina
1295 4609 1333 4670 de
1350 4608 1451 4690 Nyha,
1467 4627 1597 4671 necnon

286 4699 418 4761 domum
434 4699 512 4781 Tyri
529 4700 561 4761 in
578 4700 705 4761 introitu
722 4720 816 4779 rugae
832 4699 932 4778 sitam,
949 4719 1029 4780 quae
1047 4698 1168 4760 domini
1184 4698 1256 4760 dicti
1272 4713 1301 4759 et
1317 4697 1504 4760 Pisanomm
1521 4699 1596 4761 fun-

285 4790 358 4850 dam
374 4804 502 4870 separat,
520 4804 549 4850 et
564 4787 612 4867 jus
629 4809 727 4870 aquae
744 4790 782 4850 de
799 4789 884 4851 fonte
902 4788 1005 4850 Nostri
1022 4787 1151 4850 Domini
1171 4787 1370 4867 egredientis;
1388 4807 1469 4868 quae
1486 4788 1597 4851 omnia

286 4879 359 4941 dicti
373 4878 527 4941 iohannis
549 4895 634 4961 pater
655 4879 756 4942 bonae
771 4878 940 4941 memoriae
957 4877 1106 4960 Phelippe
1122 4877 1161 4939 de
1178 4876 1330 4939 Montiort
1346 4876 1502 4959 Hospitali
1518 4897 1597 4942 con-
