3398 5400
597 357 678 431 regni
689 356 952 432 Hierosolymitani.
1369 384 1428 446 291

126 597 262 679 accipere
279 599 380 679 debet,
391 599 469 660 sicut
480 598 601 660 dicitur.
618 600 736 661 Eadem
747 599 907 661 ecclesiam
917 598 1033 660 ibidem
1043 598 1132 659 sitam
1142 599 1256 660 scilicet
1272 598 1303 661 S.
1313 597 1433 660 Nicolai

127 688 272 768 possidet,
289 707 369 768 quae
386 704 431 749 est
447 688 585 770 episcopi
601 689 721 767 Esulae,
737 704 767 749 et
783 709 889 750 versus
906 690 1033 749 boream
1050 689 1089 750 Vl
1105 689 1252 750 stationes
1269 689 1433 750 continuas

126 796 198 837 cum
222 776 349 838 ecclesia
373 776 455 856 juxta
480 794 613 856 stratam,
639 799 676 839 ex
701 778 759 839 alia
784 795 868 860 parte
893 779 959 839 viae
984 797 1091 840 versus
1115 779 1273 839 ecclesiam
1301 779 1434 839 domum

126 867 283 947 quandam
301 883 330 928 et
346 867 436 928 aliam
453 866 542 948 (quae
560 868 650 928 habet
665 868 829 929 stationem
848 869 885 928 de
902 870 1012 929 subtus
1027 886 1099 928 cum
1111 869 1195 929 curia
1206 887 1297 949 parva
1308 886 1434 930 necnon

125 956 287 1017 cisternam
313 956 433 1034 Dulce),
457 976 564 1018 versus
588 973 728 1019 austrum
753 958 916 1018 stationem
940 955 1022 1035 juxta
1046 958 1221 1035 ecclesiam,
1246 958 1382 1037 denique
1409 957 1433 1017 ll

125 1045 270 1107 stationes
288 1066 395 1127 parvas
412 1065 485 1107 cum
501 1066 593 1127 parva
610 1066 729 1108 camera
746 1048 880 1128 desuper
896 1066 959 1108 una
976 1045 1110 1125 illarum,
1121 1066 1201 1127 quae
1217 1062 1292 1108 sunt
1308 1066 1432 1126 vacuae,

125 1149 155 1194 et
171 1134 271 1195 firmat
286 1155 393 1197 versus
413 1135 565 1197 orientem
589 1136 696 1215 invia,
713 1156 792 1217 quae
809 1136 951 1197 discurrit
967 1136 1006 1197 de
1023 1155 1087 1197 una
1103 1137 1151 1197 via
1168 1135 1200 1197 in
1219 1136 1310 1197 aliam
1325 1155 1433 1197 versus

125 1224 318 1286 occidentem
336 1226 369 1285 in
385 1226 482 1286 domo
498 1225 626 1307 Helyae.
658 1226 843 1287 Fundacutn
860 1225 892 1286 in
910 1225 1045 1287 tertiario
1061 1226 1155 1287 situm
1171 1226 1224 1286 sed
1242 1226 1432 1287 destructum

125 1313 263 1395 episcopi
286 1329 331 1375 est
355 1315 393 1375 de
420 1314 570 1391 Caurole3
599 1314 699 1376 firmat
721 1335 828 1376 versus
852 1315 1004 1377 orientem
1034 1331 1062 1375 et
1086 1315 1328 1396 septentrionem
1352 1314 1433 1391 juxta

126 1403 257 1464 domum
269 1403 349 1464 Petri
361 1403 585 1482 Scandalionis,
597 1424 702 1465 versus
719 1405 913 1465 occidentem
930 1402 1013 1482 juxta
1029 1405 1162 1465 domum
1178 1404 1232 1465 filii
1249 1404 1329 1465 Petri
1347 1403 1432 1466 Rufii

125 1507 154 1551 et
170 1493 282 1553 domos
299 1493 500 1569 ludaeorum,
523 1513 630 1555 versus
652 1509 792 1554 austrum
809 1495 841 1554 in
859 1494 905 1554 via
922 1493 1055 1575 publica,
1073 1513 1153 1573 quae
1169 1493 1263 1555 currit
1279 1494 1342 1554 sive
1359 1513 1432 1574 pro-

125 1581 261 1642 tenditur
271 1598 340 1643 ante
352 1582 382 1643 S.
392 1584 542 1643 Jacobum
554 1599 583 1643 et
594 1583 624 1644 S.
637 1582 813 1644 Nicolaum.
831 1584 987 1645 Commu
996 1583 1032 1643 ni
1043 1583 1274 1645 Venetorum
1292 1583 1349 1643 hae
1360 1601 1433 1644 vero

125 1687 197 1731 sunt
213 1671 426 1752 possessiones
442 1672 475 1733 in
491 1672 609 1733 civitate
626 1689 655 1733 et
671 1673 810 1733 terciario
824 1672 917 1753 Tyri:
943 1673 1057 1734 domus
1074 1671 1197 1753 proprie
1215 1673 1358 1753 deputata
1375 1692 1432 1754 pro

125 1762 287 1822 communi
304 1781 377 1823 cum
394 1761 418 1822 ll
436 1761 537 1839 curiis,
557 1762 609 1822 ubi
627 1762 740 1822 habitat
757 1760 980 1841 bajuluslquae
991 1762 1091 1822 firmat
1107 1781 1214 1823 versus
1231 1760 1383 1823 orientem
1400 1761 1433 1822 in

125 1850 205 1930 petia
221 1865 317 1911 terrae
334 1870 459 1929 vacuae,
477 1870 557 1931 quae
574 1866 619 1911 est
641 1850 694 1911 filii
719 1850 875 1912 Simeonis
897 1851 977 1912 Boni
1002 1851 1040 1912 de
1064 1850 1202 1913 confinio
1227 1851 1257 1911 S.
1275 1851 1433 1912 Barnabae

125 1938 328 2016 Venetorum,
354 1960 460 2001 versus
477 1941 670 2001 occidentem
688 1941 720 2001 in
737 1940 784 2001 via
800 1940 934 2021 publica,
952 1960 1031 2021 quae
1048 1941 1192 2001 discurrit
1208 1939 1290 2018 juxta
1307 1940 1432 2001 trivium

125 2026 156 2088 S.
170 2029 274 2108 Marci,
291 2049 398 2090 versus
414 2045 553 2090 austrum
571 2030 603 2090 in
620 2030 699 2111 petia
715 2045 811 2091 terrae
828 2049 940 2090 vacuae
951 2030 1094 2091 Thomae
1111 2030 1210 2091 Dulce
1227 2045 1256 2090 et
1272 2030 1382 2111 partim
1400 2030 1432 2090 in

125 2116 222 2178 domo
245 2118 396 2180 Johannis
419 2118 523 2180 Pisani
546 2119 658 2198 militis,
681 2139 787 2180 versus
811 2120 1053 2199 septentrionem
1078 2120 1110 2180 in
1132 2119 1180 2179 via
1202 2120 1334 2200 publica,
1353 2138 1432 2199 quae

125 2206 267 2269 discurrit
282 2224 352 2269 ante
369 2209 530 2269 ecclesiam
546 2209 576 2270 S.
590 2209 706 2287 Marci),
724 2209 803 2290 petia
819 2225 914 2270 terrae
930 2207 1030 2287 (cujus
1040 2209 1156 2269 domus
1166 2228 1252 2269 nunc
1262 2209 1433 2270 destructae

125 2312 221 2357 terrae
238 2314 326 2359 motu
344 2297 468 2359 firmant
477 2318 584 2359 versus
601 2298 844 2380 septentrionem
862 2299 894 2359 in
911 2318 1004 2359 muro
1021 2298 1158 2376 civitatis,
1169 2318 1276 2359 versus
1292 2313 1432 2360 austrum

125 2385 157 2445 in
174 2386 221 2446 via
239 2388 372 2468 publica,
384 2407 464 2468 quae
481 2388 624 2449 discurrit
640 2403 710 2448 ante
727 2387 886 2449 ecclesiam
904 2388 935 2449 S.
947 2387 1053 2465 Marci,
1065 2408 1172 2449 versus
1189 2388 1382 2449 occidentem
1399 2388 1432 2449 in

126 2474 219 2536 furno
235 2491 265 2536 et
282 2477 415 2538 fondaco
439 2478 469 2538 S.
488 2477 594 2555 Marci,
610 2497 716 2538 versus
740 2477 892 2538 orientem
916 2477 947 2537 in
970 2478 1067 2538 domo
1083 2477 1245 2538 Thomasii
1263 2476 1387 2538 Pititoni
1403 2493 1432 2539 et

124 2564 240 2626 Leonis
256 2566 438 2646 Michaelis),
456 2566 603 2628 balneum
621 2567 765 2627 ecclesiae
783 2567 813 2628 S.
827 2566 922 2628 Marci
939 2567 1077 2628 vicinum
1094 2566 1192 2646 (quod
1208 2566 1309 2627 firmat
1324 2586 1431 2628 versus

123 2654 316 2716 occidentem
348 2655 381 2717 in
407 2657 504 2717 domo
530 2654 703 2737 Sepulchri,
735 2675 842 2717 versus
867 2672 1006 2717 austrum
1033 2656 1065 2717 in
1090 2656 1137 2716 via
1163 2655 1297 2737 publica,
1323 2675 1431 2717 versus

123 2743 274 2805 orientem
291 2745 324 2805 in
335 2745 481 2807 domibus
492 2745 655 2806 Thomasii
667 2745 765 2806 Dulce
781 2761 809 2805 et
826 2745 859 2805 in
869 2746 917 2806 via
927 2745 1061 2827 publica,
1072 2764 1178 2806 versus
1188 2745 1430 2826 septentrionem

123 2833 156 2893 in
173 2834 252 2915 petia
268 2848 364 2895 terrae
388 2835 419 2896 S.
438 2834 555 2912 Marci),
572 2835 629 2895 alia
646 2835 670 2895 Il
686 2834 795 2895 balnea
811 2835 994 2916 pertinentia
1011 2833 1175 2895 communi
1192 2834 1385 2896 Venetorum
1401 2851 1430 2896 et

122 2921 251 2984 insimul
267 2938 337 3005 post
359 2924 485 2986 trivium
509 2924 539 2985 S.
558 2925 668 2987 Crucis
688 2923 968 3004 archiepiscopatus
984 2923 1061 3005 Tyri
1077 2923 1168 3003 (quae
1184 2923 1307 2984 firmant
1324 2944 1429 2986 versus

123 3010 275 3073 orientem
291 3013 324 3074 in
340 3014 388 3073 via
404 3013 537 3094 publica,
560 3033 668 3074 versus
684 3028 825 3075 austrum
842 3014 874 3074 in
891 3013 938 3073 via
955 3013 1089 3094 publica,
1112 3032 1219 3074 versus
1235 3014 1429 3075 occidentem

123 3100 213 3162 invia
225 3102 358 3183 publica,
370 3122 450 3183 quae
468 3103 609 3164 discurrit
625 3118 695 3164 ante
712 3103 837 3164 trivium
855 3103 886 3164 S.
898 3103 1018 3180 Crucis,
1035 3118 1064 3164 et
1080 3121 1150 3183 pars
1165 3101 1266 3164 firmat
1283 3103 1315 3163 in
1332 3104 1429 3165 domo

123 3190 280 3252 Dominici
305 3192 404 3269 Bucti,
436 3212 543 3253 versus
574 3191 819 3274 septentrionem
845 3191 878 3252 in
903 3193 950 3253 via
976 3190 1120 3273 publica),
1152 3192 1263 3253 furnus
1294 3191 1327 3253 in
1352 3211 1428 3272 ruga

122 3279 282 3343 S.Nicolai
300 3280 364 3361 (qui
381 3281 480 3342 firmat
497 3282 529 3343 in
546 3281 699 3342 orientem
716 3281 750 3342 in
765 3282 812 3342 via
829 3281 962 3362 publica,
979 3281 1012 3341 in
1028 3296 1169 3341 austrum
1186 3281 1218 3342 in
1236 3281 1316 3363 petia
1332 3297 1428 3343 terrae

122 3388 245 3448 vacuae,
270 3389 349 3450 quae
366 3386 411 3431 est
427 3370 606 3432 communis
621 3371 827 3448 Venetorum,
851 3371 883 3431 in
908 3370 1151 3451 septentrionem
1177 3370 1209 3432 in
1230 3371 1278 3431 via
1294 3371 1427 3451 publica,

122 3477 201 3538 quae
212 3459 356 3520 discurrit
371 3477 441 3521 ante
458 3461 618 3521 ecclesiam
635 3460 665 3522 S.
677 3460 841 3538 Nicholai),
852 3459 927 3521 alter
939 3460 1049 3522 furnus
1059 3458 1124 3540 (qui
1134 3459 1307 3541 appellatur
1317 3460 1428 3522 furnus

121 3567 253 3609 oscurus
270 3564 299 3610 et
315 3549 390 3610 situs
407 3550 499 3610 estin
517 3566 653 3612 contrata
670 3550 801 3627 Cobeib,
824 3549 951 3611 firmans
968 3550 999 3611 in
1017 3550 1212 3610 occidentem
1235 3549 1267 3609 in
1283 3549 1331 3610 via
1347 3551 1428 3631 pub-

121 3637 188 3715 lica,
199 3637 232 3699 in
242 3638 485 3719 septentrionem
503 3639 535 3700 in
551 3639 609 3700 alia
625 3639 673 3699 via
690 3638 833 3721 publica),
852 3640 931 3721 petia
948 3654 1044 3700 terrae
1060 3659 1155 3700 vacua
1171 3655 1201 3699 et
1216 3637 1317 3699 vicina
1334 3638 1428 3701 furno

121 3725 154 3787 in
170 3746 247 3806 ruga
264 3727 294 3788 S.
312 3728 432 3789 Nicolai
449 3729 507 3789 sito
524 3729 614 3810 (quae
634 3730 725 3789 habet
742 3745 872 3810 puteum
889 3744 917 3789 et
933 3727 1033 3789 firmat
1050 3728 1082 3789 in
1099 3729 1216 3790 oriente
1234 3728 1266 3788 in
1283 3728 1330 3788 via
1347 3730 1427 3809 pub-

120 3815 186 3894 lica,
203 3836 283 3897 quae
293 3817 437 3879 discurrit
452 3833 522 3879 ante
534 3820 667 3879 domum
676 3818 845 3899 presbyteri
856 3817 936 3878 Petri
953 3833 982 3878 et
998 3818 1130 3879 domum
1142 3817 1263 3879 domini
1274 3817 1426 3879 Montiale

121 3906 236 3984 militis,
254 3907 286 3967 in
303 3906 462 3968 occidente
480 3907 512 3968 in
530 3908 626 3968 domo
643 3907 785 3968 Rainaldi
802 3908 840 3968 de
857 3909 1015 3989 Emperas,
1038 3906 1070 3967 in
1086 3907 1295 3988 septentrione
1311 3927 1327 3966 a
1345 3907 1427 3968 dicto

122 3994 226 4074 furno,
251 3993 340 4074 cujus
363 3997 463 4078 petiae
487 3997 683 4058 medietatem
702 3997 802 4058 dictus
819 3997 983 4074 Monriale,
1006 3996 1132 4058 alteram
1153 3996 1254 4057 dictus
1270 3998 1428 4077 presbyter

121 4083 299 4145 censualem
315 4086 417 4164 tenet),
436 4085 514 4147 alius
536 4086 648 4148 furnus
671 4087 850 4148 communis
873 4101 969 4147 terrae
992 4101 1081 4147 motu
1105 4087 1278 4146 destructus
1301 4084 1366 4165 [qui
1382 4099 1428 4145 est

120 4172 159 4234 de
176 4173 315 4255 partione
331 4195 387 4236 seu
405 4173 557 4237 divisione
582 4195 655 4237 cum
675 4175 769 4237 furno
792 4176 822 4237 S.
841 4176 937 4237 Marci
953 4191 982 4236 et
998 4174 1099 4236 firmat
1115 4175 1147 4236 in
1164 4175 1244 4256 petia
1260 4191 1355 4235 terrae
1373 4173 1426 4235 lilii

120 4262 286 4344 Symeonis
303 4264 383 4326 Boni
400 4280 429 4325 et
447 4265 556 4345 partim
580 4266 613 4326 in
636 4266 798 4326 mansione
821 4265 971 4326 Johannis
993 4265 1081 4346 Tyri,
1105 4263 1138 4325 in
1160 4264 1370 4344 septentrione
1394 4263 1426 4325 in

121 4351 217 4414 domo
234 4353 412 4415 communis
421 4356 635 4435 Venetorum),
652 4355 685 4416 in
702 4355 798 4435 capite
815 4375 910 4435 rugae
927 4355 958 4416 S.
971 4354 1066 4416 Marci
1083 4354 1175 4433 volta,
1192 4374 1287 4435 super
1302 4373 1365 4434 qua
1382 4369 1427 4415 est

120 4441 235 4503 domus
252 4443 425 4524 discoperta
441 4446 479 4505 ab
495 4444 637 4505 Johanne
654 4444 794 4505 Tonesto
817 4460 892 4506 tunc
916 4443 1020 4522 bajulo
1045 4459 1147 4525 empta
1171 4445 1261 4524 (quae
1278 4442 1378 4504 firmat
1393 4443 1426 4503 in

121 4531 274 4593 orientem
292 4533 324 4593 in
340 4533 389 4594 via
412 4533 545 4615 publica,
570 4553 651 4614 quae
674 4534 772 4614 pergit
796 4554 901 4595 versus
926 4533 956 4596 S.
974 4534 1111 4610 Petrum,
1133 4533 1166 4594 in
1183 4533 1376 4595 occidentem
1393 4532 1426 4593 in

121 4620 220 4681 domo
230 4621 365 4683 Rolandi
376 4623 546 4685 Contareni
563 4639 591 4684 et
608 4623 719 4704 partim
730 4624 762 4683 in
773 4624 869 4685 domo
879 4623 1030 4685 Johannis
1041 4622 1129 4703 Tyri,
1141 4623 1173 4684 in
1183 4622 1427 4704 septentrionem

119 4709 153 4770 in
169 4711 218 4771 via
235 4711 369 4792 publica,
380 4732 460 4793 quae
477 4712 620 4774 discurrit
635 4727 706 4773 ante
723 4712 753 4773 S.
767 4712 928 4790 Marcum),
946 4713 1003 4773 alia
1019 4712 1099 4793 petia
1114 4728 1210 4773 terrae
1226 4711 1316 4793 (quae
1327 4710 1427 4772 firmat

119 4818 226 4861 versus
238 4800 392 4862 orientem
401 4801 435 4863 in
446 4802 609 4881 divisione,
620 4821 700 4883 quae
717 4817 762 4862 est
778 4802 857 4863 inter
873 4821 1042 4864 commune
1053 4803 1247 4864 Venetorum
1264 4818 1294 4862 et
1309 4820 1425 4880 regem,

119 4908 227 4952 versus
242 4890 438 4952 occidentem
454 4891 487 4953 in
503 4892 600 4954 domo
617 4911 690 4953 cum
707 4891 791 4953 curia
807 4891 929 4952 domini
946 4892 1088 4953 Manasse
1105 4891 1215 4970 Dulce,
1239 4889 1427 4952 vicecomitis

1214 5026 1264 5101 19
