3398 5400
292 351 353 432 326
852 343 1027 414 Regesta

288 564 372 626 Junii
389 563 466 625 infra
490 564 569 625 dicta
592 564 699 625 casalia
723 563 803 624 inter
825 564 911 624 Mare
926 562 1109 642 Tiberiadis,
1134 563 1275 624 Montem
1290 560 1420 622 Thabor
1440 577 1471 622 et
1486 561 1599 624 casale

291 654 406 714 Robert
422 654 478 713 sita
495 653 652 714 intravisse
669 671 897 733 possessorem:
919 653 1030 731 Jubeil‚
1048 652 1135 732 quod
1152 651 1392 713 custodiendum
1410 651 1599 712 concesserit

290 742 394 803 raiciio
412 745 491 802 Abet
507 759 536 803 et
552 743 728 818 Gemeredi‚
746 743 846 820 Casta,
865 741 1084 822 Capharscept,
1102 740 1239 819 Saronia,
1257 739 1377 818 Demie,
1388 741 1476 820 quod
1492 740 1599 802 eidem

289 831 393 909 raicio,
414 831 555 913 plurimis
572 832 799 892 antedictorum
811 847 840 892 et
850 831 1010 892 Huissetto
1019 831 1116 891 scriba
1128 830 1266 908 testibus,
1277 829 1472 908 concesserit,
1483 829 1598 908 Sisara,

289 922 375 1000 quod
397 921 582 982 concesserit
605 921 703 981 raiciis
727 921 856 998 Messor,
881 920 1016 1001 Brahym
1039 935 1069 981 et
1092 920 1227 996 Bennor,
1243 934 1272 979 et
1288 918 1396 997 Lubia‚
1414 919 1501 999 quod
1519 938 1598 980 con-

289 1010 413 1071 cesserit
435 1009 528 1072 raicio
552 1016 663 1091 Asyae,
687 1009 829 1090 sequenti
849 1009 898 1070 die
922 1008 946 1086 (r
967 1009 1059 1087 Julio)
1084 1009 1241 1069 intravisse
1264 1007 1366 1084 Erbel,
1390 1009 1477 1088 quod
1502 1008 1599 1069 raicio

289 1100 370 1159 Abet
386 1100 581 1178 concesserit,
592 1115 621 1160 et
631 1099 772 1179 sequenti
790 1098 819 1175 (a
830 1098 922 1176 lulio)
934 1098 1037 1178 Egdis.
1051 1133 1091 1141 —
1103 1098 1238 1160 Aliottus
1249 1096 1444 1176 Uguicionis‚
1456 1096 1599 1159 notarius

288 1187 444 1269 publicus,
461 1189 581 1268 scripsit
597 1188 692 1264 (Paoli
709 1189 728 1267 l,
746 1208 775 1270 p.
793 1188 978 1266 266—297,
997 1188 1056 1249 No.
1075 1190 1131 1264 18).
1148 1181 1157 1270 Η
1174 1187 1219 1248 De
1236 1187 1305 1262 ritu,
1323 1187 1488 1267 quomodo
1507 1186 1599 1248 frater

288 1278 482 1359 supradictus
504 1277 732 1359 possessionem
756 1277 913 1358 acceperit,
934 1277 1035 1338 charta
1053 1292 1156 1348 nostra
1171 1292 1308 1337 accurate
1325 1276 1440 1356 agitur;
1457 1291 1598 1337 ceterum

289 1367 327 1428 de
345 1387 382 1428 eo
400 1366 539 1428 conferas
556 1368 608 1429 Du
624 1368 740 1447 Cange,
756 1367 951 1429 Glossarium
967 1388 991 1427 s.
1008 1385 1084 1427 voce
1100 1366 1269 1427 baculus
1286 1382 1314 1426 et
1330 1365 1452 1445 virga.
1505 1362 1596 1425 1237

338 1480 427 1543 1255
443 1484 514 1545 Jun.
532 1483 670 1565 (gallice).
681 1517 725 1526 -
735 1484 836 1545 Johan
852 1484 1009 1560 Laleman,
1021 1483 1169 1544 dominus
1180 1483 1357 1561 Caesareae,
1368 1497 1398 1543 et
1409 1482 1598 1562 Marguerite

289 1592 368 1633 uxor
389 1573 421 1633 in
438 1572 718 1634 confraternitatem
734 1573 904 1654 Hospitalis
921 1572 1032 1654 recepti
1050 1570 1189 1651 ejusdem
1207 1571 1354 1652 magistro
1371 1570 1541 1633 Guillelme
1558 1572 1598 1633 de

290 1661 497 1724 Chastelnuef
518 1661 620 1742 sigillo
645 1663 789 1743 apposito
815 1663 1008 1743 promittunt,
1035 1678 1068 1724 ut
1092 1662 1203 1723 dictam
1231 1661 1374 1740 domum,
1401 1680 1598 1742 quocunque

290 1751 388 1812 modo
411 1751 540 1832 possint,
564 1767 723 1833 protegere
747 1769 776 1812 et
799 1752 964 1813 defendere
985 1751 1088 1813 velint.
1106 1785 1150 1795 -
1166 1749 1333 1812 Guillelme
1350 1751 1389 1811 de
1404 1750 1597 1833 Pioquigny,

289 1839 409 1921 Symon
421 1841 458 1903 de
468 1841 587 1920 Treies,
598 1841 728 1901 Amauri
744 1841 782 1902 de
800 1841 830 1902 S.
840 1840 953 1919 Bertin,
965 1840 1093 1903 Gautier
1103 1842 1140 1902 de
1151 1838 1335 1917 Chastillon,
1346 1841 1456 1918 Eues)
1466 1839 1598 1901 Charles

287 1929 391 1990 vasalli
408 1929 502 2006 (Paoli
519 1930 540 2008 I,
557 1950 588 2012 p.
612 1950 792 2010 145—147‚
809 1931 870 1992 Νο.
894 1931 973 2011 125).
1095 1944 1116 2008 ¹)
1134 1941 1244 2012 Legas:
1258 1939 1351 2013 Elyes.
1506 1926 1598 1989 1238

370 2092 389 2124 „
435 2047 493 2108 Jul.
510 2046 648 2126 (gallice).
664 2082 699 2089 —
713 2046 823 2123 Henri,
840 2045 1089 2127 archiepiscopus
1104 2046 1293 2121 Nazarenus,
1305 2045 1415 2107 domui
1426 2044 1597 2126 Hospitalis

291 2156 346 2217 per
369 2155 498 2197 manunt
521 2135 693 2198 Guillaumi
720 2136 758 2197 de
785 2136 910 2198 Chastel
936 2135 1022 2196 Neuf
1042 2135 1081 2197 lV
1104 2134 1212 2196 casalia
1235 2133 1268 2194 in
1291 2134 1390 2212 Batoi,
1399 2136 1418 2210 ¹)
1443 2134 1597 2196 territorio

288 2225 419 2287 diocesis
436 2227 623 2301 Nazarenae,
640 2224 754 2286 scilicet
769 2225 881 2301 Rome,
892 2226 1046 2304 Romene,
1058 2224 1231 2286 Cafreezeir
1247 2241 1276 2285 et
1291 2224 1377 2286 Cane
1388 2222 1506 2286 Galilee
1523 2243 1596 2286 cum

289 2314 481 2396 pertinentiis
498 2315 562 2375 sive
573 2315 628 2376 CC
644 2330 812 2375 carrucatas
829 2314 861 2375 in
877 2315 906 2375 X
922 2334 1022 2375 armos
1038 2314 1226 2394 quibusdam
1243 2312 1477 2374 conditionibus
1493 2312 1597 2392 sigillo

289 2404 440 2465 concedit.
451 2437 492 2446 -
503 2404 692 2481 Guillaume,
704 2403 939 2465 archidiaconus
951 2405 1139 2483 Nazarenus,
1151 2403 1251 2464 Johan
1262 2403 1300 2463 de
1311 2403 1454 2482 Brebant,
1465 2401 1597 2464 ballivus

289 2494 478 2570 Nazarenus,
497 2493 609 2570 Pierre,
628 2494 721 2570 Marc,
734 2493 838 2554 fratres
855 2493 998 2554 ecclesiae
1016 2494 1201 2571 Nazarenae,
1218 2492 1319 2553 Johan
1337 2491 1478 2569 Harneis,
1495 2491 1597 2552 Johan

290 2583 328 2643 de
345 2582 507 2660 Nazareth,
532 2582 644 2644 milites
660 2598 690 2643 et
706 2582 849 2644 homiues
865 2581 940 2661 ligii,
956 2583 1057 2643 Johan
1073 2581 1190 2658 Semes,
1214 2580 1279 2642 bais
1290 2581 1313 2658 2)
1333 2580 1371 2641 de
1389 2579 1551 2661 Saphorie,
1569 2595 1598 2641 et

254 2741 257 2748 ,
290 2672 328 2733 de
345 2673 483 2750 Boteros,
501 2670 583 2733 filius
600 2671 750 2750 ejusdem,
768 2672 865 2732 scriba
882 2671 1038 2749 (Delaville
1055 2671 1082 2732 le
1099 2669 1213 2748 Roulrc,
1226 2691 1254 2752 p.
1273 2672 1453 2748 187—189,
1465 2670 1526 2730 Nu.
1541 2672 1597 2750 84;

288 2761 325 2822 cf.
343 2781 372 2842 p.
394 2762 455 2841 25).
1506 2755 1598 2819 1239

362 2867 382 2931 ¹)
402 2863 433 2918 ln
447 2863 535 2917 dorso
549 2879 576 2933 p.
594 2862 657 2934 189:
675 2861 823 2916 Baunofh.
899 2862 919 2931 ²)
939 2860 1035 2932 baillif,
1048 2860 1169 2916 raicius‘l

368 3012 388 3044 „
434 2971 516 3045 Aug.
540 2967 586 3028 16.
605 2970 723 3027 Accon.
741 2998 784 3007 -
801 2964 908 3044 Hug0,
925 2963 1177 3046 archiepiscopus
1195 2962 1395 3042 Nicosiensis,
1416 2983 1488 3024 cum
1505 2963 1598 3026 Guil-

287 3056 381 3117 lelmo
398 3056 436 3116 de
453 3056 562 3118 Castro
579 3074 674 3133 novo,
698 3053 845 3132 magistro
862 3053 1042 3136 Hospitalis,
1067 3054 1105 3114 de
1123 3052 1250 3114 decimis
1267 3053 1456 3133 quibusdam
1472 3072 1598 3135 posses-

287 3145 414 3206 sionum
439 3145 593 3223 convenit,
610 3163 687 3224 quas
710 3144 815 3205 fratres
834 3143 1004 3225 Hospitalis
1020 3144 1052 3204 in
1071 3144 1145 3204 urbe
1162 3158 1191 3203 et
1207 3142 1322 3203 diocesi
1340 3142 1484 3203 Nicosiae
1500 3142 1598 3204 habe-

287 3237 359 3295 bant
376 3235 412 3310 (E
428 3233 533 3295 cartul.
546 3233 576 3295 S.
588 3233 723 3315 Sophiae
735 3233 795 3295 No.
808 3253 844 3311 9¹
865 3232 1014 3314 excerpsit
1024 3233 1137 3294 Comte
1154 3232 1192 3293 de
1210 3232 1276 3292 Mas
1287 3231 1386 3292 Latrie
1403 3232 1436 3292 in
1446 3232 1597 3295 Archives

286 3325 325 3386 de
342 3323 473 3384 l'Orient
490 3323 564 3383 latin
582 3322 653 3400 llll,
671 3343 700 3403 p.
715 3342 753 3402 23
761 3324 905 3403 5—2363
930 3323 1003 3384 ibid.
1022 3342 1051 3403 p.
1072 3341 1243 3401 229-243
1263 3321 1301 3382 de
1318 3321 1466 3402 Hugone,
1486 3341 1581 3403 supra

288 3413 371 3474 dicto
395 3412 648 3494 archiepiscopo).
666 3407 821 3493 (Nostrae
844 3411 977 3472 similem
1001 3410 1244 3471 conventionem
1267 3410 1351 3471 idem
1374 3429 1447 3471 cum
1469 3410 1597 3473 Thoma

287 3503 421 3580 Berardi,
439 3501 587 3581 magistro
603 3501 727 3582 Templi
745 3501 863 3577 (Accon
881 3503 898 3562 8
916 3500 975 3563 Jul.
1000 3501 1091 3577 1261)
1108 3500 1175 3560 iniit
1192 3499 1275 3575 (ibid.
1293 3519 1323 3580 p.
1343 3500 1426 3579 237).
1505 3497 1598 3561 1240

367 3655 387 3686 „
434 3613 514 3687 Aug.
532 3606 670 3687 (gallice).
688 3640 732 3650 —
748 3607 847 3669 Johan
866 3607 1021 3684 d'Ybelin,
1044 3606 1194 3668 dominus
1215 3606 1253 3667 de
1269 3606 1405 3684 Arsur,¹)
1428 3608 1597 3668 constabu-

285 3698 379 3759 larius
396 3698 482 3776 regni
499 3696 786 3777 Hierosolymitaoi,
798 3696 908 3758 domui
919 3696 1087 3778 Hospitalis
1103 3715 1158 3777 per
1174 3715 1303 3756 manum
1315 3693 1476 3757 Guillelmi
1494 3695 1597 3771 (Guil-

287 3788 400 3864 laume)
418 3788 456 3848 de
473 3786 599 3849 Chastel
623 3785 709 3847 Neui
722 3786 858 3866 magistri
875 3786 899 3846 ll
916 3786 1053 3846 millibus
1069 3784 1273 3847 bisantiorum
1291 3784 1315 3845 ll
1332 3784 1428 3865 petias
1447 3799 1546 3846 terrae
1563 3786 1597 3847 iu

287 3877 411 3958 planitie
422 3876 556 3936 Acconis
572 3875 643 3936 sitas
659 3875 760 3953 sigillo
776 3875 928 3955 concedit,
938 3893 1073 3955 quarum
1090 3875 1188 3934 maior
1198 3872 1431 3952 adjacetversus
1441 3874 1597 3936 orientem

287 3966 352 4027 viae
384 3965 477 4045 regali
504 3964 655 4027 Cafriasin
681 3964 817 4043 ducenti,
844 3983 951 4025 versus
976 3963 1170 4025 occidentem
1194 3963 1300 4024 vineae
1325 3962 1461 4044 Templi,
1488 3983 1596 4026 versus

286 4054 469 4135 aquilonem
486 4070 582 4116 terrae
597 4054 801 4115 lanuensium
819 4069 848 4114 et
864 4067 959 4114 terrae
983 4053 1013 4114 S.
1032 4052 1204 4134 Sepulchri,
1224 4073 1331 4113 versus
1348 4052 1510 4113 meridiem
1528 4054 1596 4116 viae

285 4161 314 4206 et
330 4145 438 4205 vineae
455 4144 553 4220 dictis,
571 4144 675 4204 minor
690 4158 793 4204 autem
810 4163 916 4204 versus
927 4142 1080 4203 orientem
1090 4142 1156 4203 viae
1167 4142 1270 4222 regali,
1282 4161 1388 4202 versus
1398 4141 1596 4204 occidentem

285 4250 315 4296 et
330 4234 511 4314 aquilonem
528 4251 639 4314 campo
649 4232 783 4313 Templi,
794 4252 899 4293 versus
918 4231 1078 4292 meridiem
1089 4247 1185 4293 terrae
1196 4231 1374 4312 Hospitalis.
1385 4230 1597 4294 —Homines

285 4322 357 4385 dicti
373 4323 524 4385 Johannis
543 4322 624 4400 ligii:
648 4322 748 4383 Johan
772 4322 810 4383 de
834 4321 1016 4402 Cauquelie,
1039 4321 1136 4401 laque
1153 4320 1253 4398 Vidal,
1276 4321 1378 4383 Johan
1402 4321 1440 4382 de
1464 4321 1596 4400 Margat,

285 4412 358 4474 Hue
375 4414 413 4474 de
429 4412 533 4474 Jadres
549 4410 706 4488 (Delaville
722 4411 750 4473 le
767 4410 881 4489 Roulx,
900 4430 928 4492 p.
952 4410 1211 4490 189—-191,N0.
1231 4412 1286 4490 85;
1305 4409 1342 4471 cf.
1360 4430 1391 4491 p.
1411 4409 1472 4490 25).
1502 4407 1591 4469 1241

360 4518 381 4584 ¹)
400 4516 431 4569 ln
445 4514 534 4569 dorso
548 4531 574 4585 p.
593 4532 636 4587 ¹9¹
649 4529 656 4568 :
671 4514 706 4569 de
719 4516 825 4569 Azoto.

367 4665 385 4696 „
432 4617 543 4680 Octob.
562 4639 591 4697 9.
624 4621 732 4679 Accon
755 4617 788 4679 in
805 4616 917 4699 palatio
940 4616 1163 4699 archiepiscopi
1187 4617 1348 4678 Nazareni.
1365 4650 1409 4660 —
1425 4615 1594 4697 Henricus,

286 4707 537 4789 archiepiscopus
554 4708 743 4784 Nazarenus,
762 4707 867 4769 Madio
884 4708 921 4768 de
939 4708 1062 4768 Marino
1084 4706 1243 4785 Januensi,
1267 4706 1325 4767 civi
1348 4706 1536 4788 Accoueusi,
1561 4708 1595 4770 in

286 4797 376 4859 casali
387 4816 445 4858 suo
457 4797 608 4878 Saphoria
619 4797 643 4859 ll
653 4812 823 4858 carrucatas
839 4816 912 4859 cum
928 4797 952 4857 Il
969 4796 1069 4875 voltis,
1086 4795 1164 4857 sicut
1180 4816 1230 4857 eas
1247 4795 1280 4856 iu
1294 4795 1463 4876 burgisiam
1473 4796 1594 4860 Radul-

287 4888 337 4950 fus
353 4887 505 4966 Anglicus
526 4888 564 4947 ab
586 4885 713 4949 ecclesia
735 4886 893 4947 Nazarena
916 4886 991 4948 olim
1014 4885 1124 4967 tenuit,
1148 4885 1337 4966 quibusdam
1360 4885 1596 4949 conditionibus
