3398 5400
597 360 676 433 regni
689 360 951 436 Hierosolymitani.
1364 389 1425 450 327

123 587 264 649 concedit
280 604 309 651 et
324 589 426 669 sigillo
442 589 615 669 confirmat,
632 590 761 673 insuper
783 592 915 655 domum
939 592 1066 655 civitatis
1083 593 1233 655 Nazareth
1250 612 1322 654 curn
1339 608 1426 672 terra,

123 677 176 738 ubi
192 692 266 740 sunt
282 680 406 741 arbores
422 680 585 759 olivarum,
608 697 638 743 et
654 682 767 762 petiam
783 695 879 743 terrae
895 683 933 744 ad
950 682 1072 743 vineam
1088 682 1298 763 plantandam.
1323 681 1427 761 Hujus

122 786 196 829 vero
212 767 327 830 domus
342 784 415 831 sunt
432 768 525 831 fines:
548 772 586 831 ab
603 770 721 833 oriente
738 790 805 833 casa
823 773 976 852 quaedam
995 772 1090 852 ipsius
1114 772 1268 850 ecclesiae,
1292 774 1330 833 ab
1346 772 1427 832 occi-

122 855 215 917 dente
231 875 298 918 casa
314 858 394 919 Petri
411 859 449 920 de
465 859 579 937 Betim,
603 862 641 921 ab
657 860 723 921 aliis
740 861 878 942 partibus
893 861 941 922 via
958 861 1096 942 publica;
1123 860 1200 922 fines
1217 861 1320 923 oliveti
1336 876 1426 922 sunt:

122 947 160 1006 ab
176 945 294 1007 oriente
305 948 459 1026 quaedam
470 947 582 1010 foresta
599 964 628 1010 et
644 965 720 1010 terra
738 950 835 1030 ipsius
851 950 1006 1028 ecclesiae,
1017 950 1055 1011 ab
1066 950 1226 1012 occidente
1241 950 1330 1012 locus
1346 949 1428 1029 ejus-

123 1035 194 1095 dem
211 1035 359 1113 desertus,
376 1040 414 1098 ab
432 1057 494 1099 una
511 1054 595 1118 parte
612 1054 690 1100 terra
706 1039 869 1119 quondam
886 1039 944 1121 Syr
960 1040 1061 1111 Aseti;
1086 1038 1163 1100 fines
1180 1039 1316 1119 denique
1332 1054 1428 1100 terrae

123 1123 160 1184 ad
184 1122 307 1186 vineam
331 1126 529 1206 plantandam
553 1127 639 1188 datae
662 1143 750 1189 sunt:
777 1131 814 1189 ab
838 1128 956 1190 oriente
979 1144 1057 1190 terra
1081 1128 1207 1208 Georgii
1231 1128 1338 1206 scriba,
1348 1129 1367 1206 ¹)
1390 1130 1428 1189 ab

123 1212 282 1275 occidente
296 1214 383 1276 vinea
393 1216 544 1278 lobannis
555 1216 656 1293 Fabri,
667 1219 705 1278 ab
717 1237 778 1278 una
795 1234 878 1299 parte
896 1218 953 1296 via,
971 1238 1051 1298 quae
1068 1219 1105 1279 ad
1123 1218 1219 1279 casale
1231 1218 1325 1299 Aylot
1335 1218 1428 1279 ducit.

123 1335 166 1344 -
182 1303 328 1382 Magister
343 1305 531 1368 Guillelmus
550 1306 797 1385 archidiaconus,
822 1307 929 1368 Petrus
952 1308 1108 1388 Yspanus‚
1132 1305 1265 1384 Ylarius,
1290 1307 1428 1368 Andreas

123 1390 268 1472 Yspanus
280 1394 458 1476 presbyteri,
470 1395 625 1473 Albertus,
643 1395 770 1457 clericus
786 1395 1020 1479 archiepiscopi,
1038 1396 1193 1474 Sororius,
1208 1397 1306 1457 scriba
1322 1396 1428 1477 Syrus,

124 1480 275 1544 Nazareni
291 1482 378 1565 (Rey,
396 1484 600 1563 Recherches‚
617 1505 648 1566 p.
668 1485 818 1565 36—38).
1338 1481 1427 1544 1242

198 1594 216 1663 ¹)
235 1594 279 1649 De
293 1610 352 1668 quo
366 1595 464 1666 (lorge
477 1593 653 1664 Lescrivain)
666 1594 702 1650 cf.
716 1594 785 1652 Lois
799 1596 857 1665 (ed.
871 1595 1018 1667 Beugnot)
1031 1597 1051 1666 l,
1064 1613 1091 1667 p.
1104 1613 1166 1667 424.

167 1709 409 1791 (1255-1261
431 1714 527 1794 Maj.).
544 1751 587 1760 -
603 1719 745 1794 lacobus,
770 1715 938 1797 patriarcha
962 1715 1266 1797 Hierosolymitanus
1288 1731 1318 1776 et
1340 1715 1429 1777 Sedis

123 1801 320 1884 Apostolicae
332 1802 460 1884 legatus,
473 1805 667 1886 privilegium
685 1827 702 1867 a
719 1805 866 1886 Rogeri0,
884 1824 954 1885 rege
966 1805 1096 1883 Siciliae,
1108 1805 1249 1867 fratribus
1260 1805 1428 1887 Hospitalis

123 1910 307 1954 concessum
317 1895 497 1956 transsumit
506 1911 535 1956 et
544 1895 646 1976 sigillo
657 1895 819 1958 confirmat
829 1895 952 1974 (Lunig,
965 1895 1043 1956 Cod.
1055 1895 1184 1976 diplom.
1196 1894 1258 1956 Ital.
1271 1894 1304 1971 ΙΙ,
1315 1894 1427 1972 sect.V,

123 2000 153 2063 p.
171 1982 268 2062 16353
286 1982 381 2060 Paoli,
399 1984 478 2045 Dell'
489 1985 618 2064 origine,
635 2004 706 2066 app.
724 1985 775 2062 lV,
793 1985 854 2047 No.
875 1984 914 2063 3).
1339 1981 1428 2043 1243

185 2103 420 2169 1256Jan.16.
437 2107 589 2170 Laterani.
605 2109 836 2170 -Alexander
850 2109 890 2171 lV
907 2107 1054 2190 episcopo
1064 2106 1278 2168 Tiberiadensi
1289 2122 1319 2167 et
1328 2106 1429 2169 abbati

124 2195 302 2258 monasterii
319 2196 349 2258 S.
362 2196 514 2258 Samuelis
525 2196 717 2259 Acconensis
733 2197 851 2260 ordinis
863 2199 1079 2274 Praemonstr,
1094 2196 1207 2274 scribit,
1223 2216 1255 2256 se
1272 2212 1428 2257 monaste-

123 2284 203 2346 rium
222 2285 253 2346 S.
265 2285 370 2346 lazari
387 2286 424 2347 de
440 2286 587 2349 Bethania
603 2287 622 2365 ¹)
639 2286 757 2348 ordinis
774 2288 805 2349 S.
817 2285 973 2349 Benedicti
985 2285 1115 2348 diocesis
1126 2285 1428 2367 Hierosolymitanae

124 2395 141 2435 a
157 2374 316 2436 Saracenis
333 2394 432 2457 paene
448 2376 638 2438 destructum
657 2376 799 2437 fratribus
816 2375 985 2457 Hospitalis
1008 2375 1174 2436 contulisse
1197 2374 1246 2435 tali
1265 2395 1338 2435 vero
1355 2394 1428 2436 con·

124 2462 251 2542 ditione,
276 2479 310 2525 ut
332 2464 499 2526 abbatissae
516 2482 546 2526 et
562 2465 750 2527 monialibus
775 2465 814 2527 ibi
836 2465 1009 2527 constitutis
1032 2463 1139 2526 omnia
1162 2464 1331 2525 necessaria
1353 2466 1428 2525 sub-

123 2553 298 2614 ministrent
319 2569 350 2614 et
372 2569 443 2635 post
465 2574 571 2616 earum
597 2571 729 2615 mortem
753 2555 800 2616 vel
815 2555 985 2616 discessum
1009 2553 1082 2614 alias
1105 2553 1301 2630 substituant,
1326 2553 1429 2633 itaque

122 2642 271 2724 episcopo
300 2642 456 2726 praecipit,
488 2659 521 2705 ut
554 2644 637 2704 idem
663 2643 806 2706 fratribus
831 2644 896 2726 ipse
921 2643 970 2704 vel
995 2663 1049 2725 per
1074 2657 1306 2725 procuratorem
1333 2644 1429 2703 tradat

122 2730 218 2808 (Paoli
235 2731 256 2810 l,
274 2751 304 2813 p.
329 2733 510 2813 164—165,
528 2733 588 2794 No.
612 2733 692 2813 135).
1340 2729 1429 2791 1244

198 2842 216 2911 ¹)
236 2842 280 2896 De
314 2858 353 2897 uo
366 2841 402 2897 cf.
416 2840 531 2914 Voglle,
544 2844 600 2898 Les
614 2841 725 2913 e'glises,
739 2860 766 2914 p.
780 2841 936 2917 335-3383
949 2842 1061 2897 ZDPV.
1075 2842 1110 2912 X,
1123 2858 1150 2913 p.
1165 2841 1313 2922 278-279.
1336 2842 1428 2898 Urba-

123 2930 176 2968 nus
185 2913 223 2968 lV
232 2931 256 2968 a.
270 2859 329 2968 radi
344 2912 506 2969 cessionem
514 2913 622 2969 Montis
630 2914 752 2969 Thabor
763 2928 791 2969 et
802 2927 931 2969 nostram
940 2911 1134 2984 supradictam
1143 2926 1287 2968 revocavit
1296 2912 1430 2984 (Eracles,

123 3001 150 3057 p.
163 2985 232 3055 4463
252 2984 364 3055 Gestes,
377 3002 404 3058 p.
420 2987 487 3056 166).

211 3143 232 3175 „
277 3098 343 3160 Jan.
360 3099 452 3161 Jaffae
463 3099 599 3180 (gallice).
610 3099 765 3162 -Johan
776 3099 932 3177 d'Ybelin,
944 3117 1048 3159 comes
1064 3098 1102 3159 de
1112 3097 1208 3178 Japhe
1224 3112 1252 3158 et
1269 3098 1429 3179 Escalone,

123 3187 273 3251 dominus
282 3188 320 3249 de
331 3189 454 3267 Rames,
467 3189 609 3251 fratribus
619 3188 787 3271 Hospitalis
798 3209 855 3270 pro
866 3187 988 3249 damnis
999 3203 1028 3249 et
1038 3186 1191 3269 expensis,
1200 3205 1277 3266 quas
1292 3187 1325 3247 in
1337 3192 1429 3248 Asca-

122 3277 195 3338 lone
213 3277 416 3339 custodienda
433 3298 468 3339 ac
484 3279 680 3340 defendenda
698 3279 883 3355 habuerunt,
898 3298 953 3360 per
967 3296 1096 3337 manum
1108 3276 1243 3356 magistri
1250 3275 1429 3338 Guillaume

123 3367 161 3427 de
178 3367 333 3428 Chasteau
358 3367 437 3429 nuef
456 3368 540 3430 DCL
564 3382 733 3429 carrucatas
754 3383 849 3429 terrae
867 3366 1061 3428 Ascalonitae
1077 3366 1174 3428 donat
1190 3381 1219 3426 et
1235 3364 1337 3444 sigillo
1354 3386 1430 3426 con-

123 3454 234 3518 firmat.
249 3489 285 3499 -
299 3456 346 3517 De
356 3455 491 3518 vasallis:
509 3456 639 3519 Gautier
654 3456 801 3518 d'Ybelin
818 3456 1031 3532 marescalcus,
1047 3454 1193 3517 Estienne
1211 3454 1248 3516 de
1266 3454 1430 3535 Sauvegni,

123 3545 269 3607 Baudoio
285 3545 323 3606 de
340 3545 428 3621 Sure,
439 3546 614 3608 Emiorram
631 3546 668 3608 de
679 3545 778 3625 Toisi,
795 3545 940 3608 Raudoin
957 3547 995 3606 de
1010 3544 1135 3622 Corbie,
1153 3544 1254 3606 Pierre
1271 3543 1431 3605 L'aleman

124 3633 219 3712 (Paoli
235 3633 256 3714 l,
274 3654 304 3715 p.
330 3655 338 3695 r
349 3654 399 3714 55,
417 3636 477 3697 No.
502 3636 580 3715 130).
1341 3630 1431 3692 1245

213 3804 232 3835 „
277 3758 367 3822 Febr.
387 3779 415 3820 2.
447 3759 561 3841 Japhae
586 3759 727 3839 (gallice).
759 3794 803 3803 —
833 3760 934 3822 Johan
960 3758 1117 3837 d'Ybelin,
1141 3776 1246 3819 comes
1272 3758 1311 3819 de
1335 3758 1431 3839 Japhe

124 3862 155 3911 et
171 3847 365 3928 d’Escaloue,
376 3849 524 3910 dominus
535 3849 573 3910 de
584 3850 708 3926 Rames,
720 3848 875 3930 Hospitali
892 3868 947 3930 per
964 3867 1092 3910 manum
1104 3847 1240 3927 magistri
1252 3846 1431 3909 Guillaume

125 3939 163 3999 de
174 3938 329 3999 Chasteau
347 3937 427 3999 nuel
440 3938 478 3999 de
495 3937 637 4000 dominio
654 3957 713 3999 suo
725 3938 944 4001 Ascalonitano
962 3937 1071 3998 casalia
1088 3937 1258 4018 Maiaques‚
1276 3936 1431 4015 Saarethe,

124 4025 300 4108 Heleiquat,
317 4026 409 4106 Zeite,
429 4027 609 4105 Amouhde,
633 4027 811 4107 Elgedeide‚
835 4028 976 4106 Phetora,
999 4026 1151 4105 Semsem,
1175 4026 1325 4104 Camsa,¹)
1349 4025 1431 4087 Beit·

124 4115 246 4193 derast)
269 4115 416 4196 secunda,
441 4116 638 4195 Elroiheib‚³)
662 4116 783 4197 Agelen
806 4117 953 4198 el-hayet,
970 4116 1091 4196 Agelen
1108 4115 1257 4176 el-ahssas
1274 4130 1303 4175 et
1318 4116 1397 4175 Reze
1408 4115 1431 4192 ⁴)

123 4224 197 4267 curn
208 4205 358 4267 omnibus
368 4205 560 4287 pertinentiis
577 4207 673 4268 donat
689 4222 718 4268 et
734 4206 836 4286 sigillo
852 4205 996 4288 apposito
1008 4204 1160 4282 concedit,
1172 4219 1206 4266 ut
1215 4204 1295 4265 dicta
1306 4203 1431 4284 domus,

123 4292 278 4356 Ascalone
295 4293 424 4375 ejusque
441 4295 594 4358 territorio
611 4295 693 4357 bello
711 4315 851 4376 unquam
872 4293 1011 4377 receptis,
1029 4295 1062 4355 in
1078 4294 1166 4356 dictis
1182 4293 1332 4355 casalibus
1348 4293 1432 4355 DCL

124 4398 294 4446 carrucatas
314 4398 411 4445 terrae
435 4385 599 4466 possideat.
616 4417 659 4430 -
677 4386 723 4447 De
739 4384 874 4447 vasallis:
899 4383 1028 4447 Gautier
1050 4383 1206 4462 d'Ybelin,
1229 4382 1433 4445 marescalcus

124 4474 163 4535 de
179 4472 285 4553 Japhe,
308 4473 455 4535 Estienne
472 4474 510 4535 de
534 4474 701 4555 Sauvegui,
726 4476 889 4556 Enyorran
912 4474 950 4536 de
966 4473 1064 4550 Toisi,
1087 4472 1242 4554 Baudoyn
1265 4473 1303 4533 de
1327 4471 1432 4549 Surre,

124 4563 280 4625 Gremont
295 4563 333 4624 de
351 4563 474 4643 Luque,
497 4564 652 4646 Baudoyn
668 4565 706 4625 de
723 4563 848 4642 Corbie,
872 4563 975 4626 Pierre
998 4561 1157 4642 Laleman‚
1181 4562 1253 4624 Hue
1270 4562 1309 4623 de
1324 4561 1433 4622 Treies

125 4651 219 4729 (Pauli
236 4651 258 4730 l,
273 4670 303 4733 p.
327 4672 509 4733 151—153,
526 4652 587 4713 No.
610 4653 686 4728 128;
719 4653 793 4714 Lois
810 4651 868 4733 led.
886 4649 1040 4733 Beugnot)
1057 4651 1080 4730 l,
1096 4670 1127 4733 p.
1146 4653 1209 4714 608
1227 4659 1313 4726 not).
1343 4647 1433 4709 1246

201 4760 220 4830 ¹)
246 4760 329 4815 Nunc
349 4757 449 4815 kemas
470 4759 571 4827 (sheet
590 4759 671 4828 XX),
700 4770 731 4814 ut
753 4760 880 4829 Conder,
903 4761 1002 4830 Quart.
1024 4760 1094 4817 Stat.
1119 4758 1197 4832 1890,
1219 4776 1246 4831 p.
1271 4777 1298 4833 31
1326 4770 1433 4814 censet

127 4834 149 4899 ²¹)
170 4831 220 4887 bet
232 4829 366 4888 er-rllsch
378 4831 470 4902 (sheet
483 4831 569 4898 XX)l
589 4829 634 4887 Cf.
650 4829 849 4901 Quatremere,
861 4830 980 4888 Malrrizi
992 4832 1044 4899 lB,
1056 4847 1083 4902 p.
1098 4849 1113 4885 a
1132 4848 1158 4902 7.
1256 4836 1280 4899 ⁸)
1300 4830 1433 4885 Conder:

127 4901 315 4960 er-ruheibeh
327 4919 419 4975 prope
432 4903 616 4959 Beersebam.
704 4905 728 4971 ⁴)
747 4902 878 4959 Conder:
892 4905 977 4959 bezza
991 4903 1085 4971 (sheet
1164 4910 1184 4971 J.
