3398 5400
196 406 259 471 394
596 381 720 454 Regesta
733 381 1089 467 regniHierosolymitani.

937 478 1050 484 ..ᾠ-
1343 479 1508 488 -—·—.

193 603 399 684 Graecorum,
422 602 647 666 Saracenorum
670 605 878 685 Paganorum,
901 604 1109 684 Bulgarorum
1127 651 1195 684 ...,
1219 602 1418 687 Aethiopum
1435 651 1506 683 ...,

193 692 433 755 christianorum
449 693 644 776 captivorum
661 694 745 776 apud
760 692 964 756 Tartarorum
987 694 1182 776 aliarumque
1204 693 1342 758 Orientis
1358 712 1506 757 commu-

194 782 324 844 nionem
346 781 378 844 S.
395 783 556 844 Romanae
579 783 732 845 Ecclesiae
756 802 822 845 non
844 782 1028 845 habentium
1051 783 1280 866 proficiscentes
1302 783 1506 866 amplissimis

195 871 389 933 facultatibus
405 888 434 933 et
450 871 617 954 privilegiis
633 889 761 934 exornat
771 872 922 950 (Sbaralea
932 873 983 953 lV,
994 893 1025 955 p.
1038 875 1222 951 2711-281,
1233 873 1295 936 No.
1311 874 1504 954 526-5283

194 961 342 1040 Potthast,
359 961 420 1023 No.
440 981 730 1042 23777-23779;
749 961 906 1042 Langlois,
923 963 984 1024 No.
1003 963 1243 1044 6825-6832).
1269 964 1391 1025 Eodem
1408 982 1505 1040 anno,

195 1070 302 1112 mense
318 1069 353 1112 ac
368 1050 418 1112 die
435 1051 519 1113 idern
535 1051 674 1114 Ozolum
690 1052 838 1113 Pisanum
860 1052 943 1134 apud
959 1052 1106 1115 Tartaros
1123 1052 1380 1115 florentissimum
1396 1068 1504 1115 aucto-

194 1140 281 1202 ritate
305 1140 423 1219 excitat,
447 1157 481 1202 ut
502 1140 541 1202 ad
558 1140 652 1203 fidem
676 1142 910 1223 propagandam
932 1142 1033 1203 studia
1058 1141 1194 1204 conferat
1216 1141 1310 1222 eique
1333 1142 1505 1204 antedictos

195 1229 323 1291 nuntios
333 1230 534 1291 commendat
544 1229 707 1310 (Sbaralea,
718 1230 759 1294 lv
770 1250 799 1311 p.
814 1232 887 1309 278,
897 1232 959 1292 Νο.
974 1249 1052 1311 5²53
1072 1231 1277 1310 Moshemius,
1293 1229 1313 1293 l.
1325 1251 1352 1294 1.
1369 1232 1431 1293 Νο.
1442 1250 1504 1311 403

194 1319 343 1400 Potthast,
361 1320 421 1380 No.
441 1322 568 1401 237803
593 1319 751 1399 Langlois,
768 1321 830 1383 No.
849 1321 1088 1400 6820-6823).
1413 1318 1505 1380 1515

244 1424 328 1485 1291
351 1430 432 1506 Aug.
459 1446 509 1488 21.
542 1427 635 1507 Apud
659 1427 778 1490 Urbem
795 1427 948 1489 Veterem.
972 1461 1017 1472 -
1040 1426 1187 1488 Nicolaus
1210 1427 1250 1490 lv
1273 1425 1416 1505 Nicolao,
1440 1426 1505 1488 filio

195 1514 340 1595 Argonis,
369 1515 450 1597 regis
480 1516 693 1594 Tartarorum,
716 1515 888 1596 gratulatur
910 1517 948 1577 de
972 1515 1033 1578 fide
1057 1515 1220 1578 christiana
1244 1532 1376 1600 recepta,
1402 1516 1505 1579 eidem

196 1604 363 1667 lormulam
380 1605 556 1667 transmittit
572 1620 602 1666 et
617 1604 788 1667 antedictos
804 1605 934 1668 nuntios
950 1606 1148 1668 commendat
1165 1605 1318 1682 (Sbaralea
1328 1606 1378 1686 lV,
1396 1626 1428 1688 p.
1442 1607 1499 1668 281

195 1696 315 1769 -282,
334 1694 395 1756 Νο.
416 1712 494 1774 33ος
520 1695 697 1772 Mosbemii,
713 1695 731 1756 l.
748 1714 774 1757 c.
792 1695 853 1757 No.
873 1696 930 1774 38;
953 1695 1100 1772 Potthast,
1116 1696 1177 1757 No.
1198 1715 1327 1777 ²3⁷9²3
1346 1694 1504 1776 Langlois,

196 1785 257 1844 No.
276 1783 383 1863 68331.
399 1791 407 1866 j,
422 1784 542 1845 Eodem
567 1803 662 1861 annu,
686 1804 794 1845 mense
818 1804 852 1845 ac
875 1784 924 1846 die
948 1783 1031 1845 idem
1055 1784 1185 1864 Argoni,
1209 1785 1273 1864 regi
1289 1785 1504 1862 Tartarorum,

195 1872 306 1952 gratias
328 1872 391 1953 agit
414 1891 471 1954 pro
494 1871 623 1954 epistola
644 1875 683 1934 ad
707 1873 825 1935 curiam
849 1874 1025 1935 Romanam
1046 1893 1102 1954 per
1117 1875 1302 1954 Chaganum
1319 1875 1339 1952 ¹)
1357 1874 1504 1937 nuntium

197 1962 288 2023 missa
305 1978 335 2023 et
350 1961 522 2040 confirmat,
539 1981 571 2023 se
588 1962 685 2044 ipsius
696 1963 838 2044 precibus
854 1962 892 2023 ad
909 1962 1090 2024 Eduardum
1102 1963 1123 2040 l,
1140 1983 1247 2042 regern
1256 1962 1506 2045 Angliae,scrip-

196 2051 279 2129 sisse,
291 2051 404 2113 deinde
415 2051 527 2113 iterum
538 2066 655 2132 monet,
673 2068 717 2129 ut,
735 2072 806 2112 curn
824 2052 924 2113 lilium
941 2070 1035 2113 suum
1052 2051 1218 2114 Nicolaum
1235 2053 1339 2114 lecerit
1348 2051 1505 2135 baptizari,

197 2140 290 2202 fidem
308 2140 505 2201 christianam
516 2141 726 2222 amplectatur,
738 2157 767 2203 et
777 2141 949 2203 antedictos
959 2140 1088 2203 nuntios
1098 2141 1296 2223 Apostolicos
1307 2141 1506 2204 commendat

197 2229 349 2306 (Sbaralea
366 2230 417 2311 IV,
435 2250 465 2311 p.
485 2231 670 2313 282-283,
687 2232 748 2292 No.
769 2250 848 2311 531;
881 2230 1088 2311 Mosbemius,
1110 2230 1131 2292 l.
1149 2251 1175 2293 1.
1192 2232 1254 2293 Νο.
1274 2251 1290 2312 3
1297 2251 1331 2312 53
1357 2231 1505 2303 Potthast,

197 2321 258 2381 No.
278 2338 407 2399 237913
432 2319 589 2400 Langlois,
607 2320 668 2382 No.
686 2321 793 2397 61221.
1416 2317 1506 2380 1516

274 2421 292 2490 ¹)
312 2420 425 2491 Gazan;
444 2418 479 2475 cl.
494 2437 580 2491 supra
593 2420 648 2477 No.
666 2421 740 2495 1506.

281 2560 299 2592 „
346 2521 429 2596 Aug.
448 2536 499 2596 23.
520 2517 614 2597 Apud
632 2518 749 2579 Urbem
761 2516 913 2579 Veterem.
930 2547 973 2560 -
990 2517 1138 2578 Nicolaus
1155 2517 1195 2578 IV
1211 2520 1386 2597 Argonem,
1403 2535 1507 2596 regem

199 2607 412 2685 Tartarorum,
430 2606 578 2668 instanter
594 2622 689 2687 rogat,
706 2623 741 2667 ut
755 2606 794 2666 ad
810 2605 1079 2686 recuperationem
1094 2606 1210 2667 Terrae
1227 2605 1355 2668 Sanctae
1372 2605 1509 2667 celeriter

198 2715 230 2757 se
247 2694 385 2774 accingat
400 2710 430 2756 et
445 2694 587 2758 subditos
603 2695 661 2757 sibi
677 2696 814 2779 populos
830 2696 867 2756 ad
886 2694 1003 2756 dictum
1014 2695 1175 2775 negotium
1187 2694 1444 2777 promovendum
1461 2695 1508 2756 in·

199 2785 292 2846 ducat
308 2783 460 2861 (Sbaralea
477 2784 528 2863 IV,
545 2805 576 2867 p.
595 2786 780 2866 282—283,
797 2784 859 2845 Nu.
881 2804 959 2865 532;
987 2782 1151 2866 Raynaldi,
1167 2784 1283 2846 Annal.
1307 2804 1400 2864 1291,
1417 2792 1434 2855 ς
1451 2802 1508 2865 32;

200 2874 409 2948 Moshemius,
419 2873 439 2935 1.
452 2894 478 2935 c.
489 2874 550 2938 No.
563 2876 620 2954 363
638 2874 853 2952 PotthastNo.
867 2893 905 2955 23
915 2892 995 2953 797;
1013 2873 1170 2954 Langlois,
1181 2867 1512 2957 N0.:6809-6814).1

199 2963 318 3025 Eodem
343 2981 438 3038 anno,
463 2983 570 3026 mense
586 2983 622 3025 ac
638 2964 687 3025 die
704 2963 787 3025 idem
804 2963 927 3042 Sarum,
945 2962 1043 3026 lilium
1065 2963 1212 3043 Argonis,
1236 2962 1364 3025 Saronis
1386 2962 1511 3024 fratrem

200 3052 385 3116 Cassianum
409 3050 545 3132 (Graan),
570 3071 599 3115 et
614 3053 829 3135 Tagharzar,¹)
852 3052 965 3115 ducem
982 3053 1196 3132 Tartarorum,
1220 3051 1338 3132 excitat,
1359 3068 1393 3114 ut
1416 3051 1510 3134 parati

200 3141 391 3204 accedantad
399 3141 590 3223 agnitionem
599 3141 670 3204 fidei
680 3142 861 3204 christianae
870 3141 1272 3225 etsnscipiantbaptismatis
1281 3157 1511 3204 sacramentum

201 3231 414 3312 (SbaraleaIV,
426 3252 455 3313 p.
469 3234 654 3314 283—284,
671 3233 732 3294 No.
749 3251 785 3312 53
792 3251 939 3312 3-534;
964 3231 1171 3312 Moshemius,
1188 3231 1207 3292 l.
1226 3251 1251 3292 c.
1270 3231 1330 3293 No.
1352 3250 1409 3311 393
1427 3231 1511 3292 Pott-

201 3322 278 3401 hast,
295 3321 357 3383 No.
377 3323 506 3403 237983
531 3321 689 3403 Langlois,
706 3322 767 3383 No,
786 3320 1027 3400 6817-6819).
1421 3317 1510 3380 1517

277 3425 298 3489 ¹)
317 3421 493 3496 Thugadjar.

284 3562 304 3595 „
350 3516 462 3579 Octob.
492 3516 635 3578 Nicosiae
652 3515 780 3593 (italice).
797 3548 841 3559 —
857 3515 1013 3576 Henricus
1030 3515 1064 3592 11,
1091 3533 1143 3576 rex
1160 3514 1468 3596 Hierosolymitanus
1483 3530 1513 3576 et

202 3606 310 3689 Cypri,
327 3606 445 3668 Pisanis
462 3607 494 3668 in
512 3625 610 3686 regno
620 3626 679 3668 suo
689 3605 848 3687 privilegia
859 3603 1038 3666 commercii
1048 3603 1150 3684 sigillo
1161 3602 1512 3667 confirmat-Galim

202 3695 241 3757 de
259 3695 353 3773 lblan,
370 3694 563 3758 senescalcus
579 3695 667 3775 regni
684 3711 713 3756 et
728 3695 913 3774 avunculus,
931 3692 1071 3756 Gualtier
1088 3693 1126 3755 de
1144 3692 1301 3774 Dampier,
1318 3693 1464 3756 Lorenzo
1474 3694 1513 3755 de

202 3784 328 3863 Morff0,
357 3785 491 3847 Balduin
516 3785 547 3846 di
573 3785 683 3864 Nores,
711 3783 784 3846 Lois
809 3783 841 3845 di
866 3784 977 3862 Nores,
1001 3781 1136 3844 Johanni
1161 3783 1282 3844 Lector.
1318 3783 1435 3844 Datum
1459 3801 1513 3864 per

203 3894 333 3937 manum
351 3873 478 3936 Henrici
495 3874 533 3936 de
550 3873 704 3953 Gibeleto,
721 3872 895 3934 cancellarii
904 3873 994 3953 regis.
1012 3870 1102 3947 Quae
1113 3871 1220 3933 omnia
1231 3887 1260 3932 et
1270 3871 1393 3952 singula
1403 3891 1512 3954 supra-

202 3964 313 4046 scripta
332 3964 457 4026 luerunt
472 3963 505 4025 in
522 3963 674 4045 praesenti
697 3962 778 4024 libro
802 3977 831 4024 et
853 3962 955 4024 charta
978 3981 1035 4045 per
1056 3961 1181 4023 Pierum
1205 3960 1261 4023 Ser
1283 3961 1512 4023 Bartholomaei

203 4053 314 4115 notarii
330 4053 368 4114 de
386 4054 483 4116 Ponte
507 4053 597 4130 Here,
622 4052 777 4115 notarium
802 4067 831 4113 et
853 4052 984 4113 scribam
1007 4050 1169 4133 publicum
1193 4049 1296 4112 curiae
1319 4050 1369 4126 (G.
1387 4049 1512 4127 Muller,

203 4163 233 4225 p.
252 4145 429 4222 108—109,
441 4144 501 4204 No.
514 4163 553 4224 ⁷3
569 4140 617 4222 [cl.
629 4162 659 4224 p.
671 4139 876 4222 470-472];
894 4141 952 4202 Dal
962 4142 1077 4220 Borgo,
1089 4159 1119 4221 p.
1139 4139 1330 4220 145—146).
1423 4137 1514 4200 1518

253 4248 430 4313 12921211.
459 4270 510 4332 23.
541 4283 587 4295 -
617 4250 764 4312 Nicolaus
789 4247 830 4310 lv
855 4247 919 4328 regi
945 4247 1091 4331 Philippo
1116 4247 1264 4309 Franciae
1288 4247 1451 4309 Thomam
1475 4248 1514 4309 de

203 4339 385 4421 Tolentino,
396 4343 539 4403 Marcum
555 4340 593 4403 de
611 4342 720 4402 Monte
738 4340 882 4420 Lupone,
894 4336 999 4399 fratres
1016 4336 1134 4399 ordinis
1151 4335 1324 4416 Minorum,
1342 4353 1372 4399 et
1387 4336 1513 4399 Gaufri-

205 4432 283 4493 dum
300 4430 478 4512 Countisse,
505 4429 632 4492 nuntios
657 4427 737 4509 regis
761 4427 938 4504 Armeniae,
964 4425 1114 4489 auxilium
1140 4425 1291 4507 petituros
1314 4424 1515 4488 commendat

205 4518 380 4604 (Raynaldi,
396 4521 509 4582 Annal.
533 4528 658 4599 1292,§
681 4537 712 4592 1;
744 4517 887 4579 Sbaralea
903 4517 953 4597 lv,
978 4536 1008 4598 p.
1025 4536 1055 4598 p.
1075 4536 1148 4597 315,
1172 4515 1233 4577 Oo.
1254 4531 1333 4595 592;
1365 4515 1514 4591 Potthast,

205 4611 266 4673 No.
286 4629 416 4692 a3ooo;
441 4609 597 4691 Langlois,
618 4609 679 4671 No.
698 4608 935 4688 6852-6853;
960 4605 998 4667 cf.
1015 4625 1109 4687 supra
1124 4606 1185 4666 No.
1209 4605 1312 4685 1514).
1423 4601 1515 4664 1519
