3398 5400
583 327 664 400 regni
676 326 938 400 Hierosolymitani.
1351 354 1410 416 343

106 557 246 619 CCCCL
262 557 398 619 bisantiis
415 557 560 620 ecclesiae
576 559 611 620 B.
623 557 736 620 Mariae
753 557 792 619 de
801 556 948 639 Josaphat
963 576 1019 639 per
1034 575 1165 618 manum
1181 557 1285 619 Jacobi
1302 556 1414 640 prioris

106 646 281 708 vendidisse
297 666 332 708 ac
348 648 508 710 tradidisse
524 647 720 727 (Delaborde,
738 667 767 729 p.
791 666 970 726 109-110,
989 647 1049 707 No.
1070 647 1130 726 53).
1323 645 1413 707 1312

105 786 171 840 Hoc
192 802 267 840 nunc
287 783 448 841 sched'eret
467 784 524 841 abd
544 803 613 858 suqr
633 801 695 841 esse
715 783 828 840 videtur
849 784 913 839 «the
927 796 987 839 tree
999 782 1069 839 with
1082 783 1130 840 the
1144 783 1272 840 falcons»
1294 785 1413 857 (Mappa

107 855 369 928 Anglica,sheetV
406 856 432 928 ’).

151 968 299 1049 (1261)1)
308 969 904 1055 (gallice).-HugueRevelHospitalis
915 968 1247 1051 magister,aBalian(o)
1258 970 1414 1052 d'Ybelin,

108 1060 240 1121 domino
251 1061 359 1122 Arsuri
376 1076 405 1122 et
422 1062 650 1122 constabulario
666 1062 754 1142 regni
769 1059 1056 1142 Hierosolymitani,
1074 1058 1243 1135 castellum,
1261 1059 1414 1123 civitatem

107 1164 137 1210 et
154 1149 332 1211 dominium
355 1154 452 1212 Arsur
475 1169 548 1213 cum
572 1151 719 1212 omnibus
742 1150 862 1231 juribus
885 1151 944 1212 sub
967 1149 1082 1210 tributo
1103 1150 1143 1211 lV
1160 1148 1294 1211 millium
1311 1150 1413 1213 bisan-

108 1239 224 1300 tiorum
241 1239 368 1300 annuali
385 1239 436 1301 tali
452 1255 555 1301 tamen
572 1240 753 1303 conditione
769 1239 872 1321 sigillo
883 1238 1025 1322 apposito
1036 1238 1154 1321 accipit,
1166 1254 1201 1299 ut
1210 1235 1286 1317 jura,
1298 1240 1414 1320 quibus

107 1328 252 1390 Balianus
269 1328 383 1389 fruitur
398 1328 430 1390 in
447 1330 566 1391 civitate
582 1331 727 1409 Acconis,
752 1345 781 1392 et
798 1330 931 1408 bisantii,
948 1348 1028 1410 quos
1050 1329 1082 1389 iu
1098 1327 1251 1389 territorio
1267 1329 1414 1411 Neapoli-

107 1433 181 1479 tano
199 1438 234 1479 ex
252 1418 348 1479 domo
365 1419 502 1497 Henrici,
520 1421 680 1500 quondam
704 1420 784 1499 regis
808 1419 904 1502 Cypri
921 1435 951 1480 et
967 1416 1253 1499 Hierosolymitani,
1277 1418 1414 1499 accipere

107 1506 234 1586 solebat,
252 1507 280 1568 ei
296 1523 442 1569 maneant
458 1523 487 1570 et
504 1509 609 1571 fratres
620 1508 790 1591 Hospitalis
801 1507 931 1588 Hugoni
942 1508 976 1583 ll,
993 1506 1058 1588 regi
1069 1506 1165 1589 Cypri
1181 1521 1211 1568 et
1227 1507 1414 1590 Hierosoly-

108 1597 237 1675 mitano,
261 1597 420 1659 servitium
443 1598 525 1659 leodi
542 1598 580 1660 de
598 1599 728 1659 Arsurio
751 1598 890 1660 reddant.
911 1630 948 1640 -
968 1597 1014 1658 De
1031 1596 1190 1658 fratribus:
1211 1596 1358 1659 Boniface
1375 1598 1414 1660 de

107 1686 369 1765 Calamaudrane,
400 1706 534 1766 magnus
565 1688 803 1750 commendator
834 1685 1040 1765 Acconensis,
1072 1684 1204 1747 Nichole
1234 1686 1261 1747 le
1289 1687 1414 1767 Lorgne

107 1774 321 1855 marescalcus,
328 1774 350 1853 2)
367 1775 468 1838 Pierre
485 1777 523 1838 de
540 1778 662 1859 Hayem
678 1777 904 1859 hospitalarius,
921 1775 1101 1840 Guillaume
1118 1776 1156 1837 de
1168 1775 1307 1838 Villarret
1323 1777 1414 1860 drap-

107 1864 222 1947 parius,
239 1865 354 1947 Joseph
367 1865 390 1943 3)
407 1866 624 1944 thesaurarius,
650 1867 747 1928 Heuri
764 1867 803 1928 de
820 1867 917 1945 Fer,⁴)
940 1884 1073 1945 magnus
1089 1865 1325 1927 commendator
1342 1867 1414 1928 Ale-

107 1953 263 2034 manniae‚
281 1953 398 2035 Rogier
410 1955 448 2017 de
459 1955 560 2034 νεῷ)
577 1956 663 2039 prior
678 1955 820 2035 Angliae,
832 1957 956 2017 Renaut
972 1955 1010 2015 de
1026 1953 1162 2032 Nantoil,
1179 1956 1416 2017 commendator

107 2043 332 2126 Tripolitanus,
350 2043 530 2107 Guillaume
553 2045 592 2107 de
615 2045 767 2124 Cerceles,
793 2044 959 2107 ...dhare
981 2044 1092 2124 Johan,
1117 2043 1202 2126 prior
1223 2045 1415 2106 Acconensis

108 2133 267 2210 (Delaville
283 2132 311 2195 le
328 2133 441 2214 Roulx,
462 2154 491 2217 p.
515 2156 695 2215 194-195,
713 2136 774 2197 No.
793 2137 851 2211 88;
876 2134 913 2195 cf.
932 2154 961 2216 p.
982 2133 1042 2214 37).
1325 2132 1414 2193 1313

184 2238 205 2304 1)
224 2235 359 2290 Delaville
372 2235 399 2290 le
411 2236 514 2306 Roulx,
527 2235 607 2292 annis
626 2236 808 2309 1258-1269,
822 2238 951 2308 Herquet
961 2234 1117 2304 (Deutsche
1131 2233 1327 2308 Literat.-Ztg.
1341 2237 1415 2309 1883,

112 2306 1415 2433 15Sept.)c.1261—1272chartamnostramscriptamesse,putat,sed,quumEracles,p446;

108 2381 210 2434 Anna.
225 2379 333 2434 Terrae
347 2380 479 2449 Sanctae,
493 2397 518 2450 p.
531 2398 585 2452 450
598 2379 646 2448 (cf.
662 2381 763 2436 Gestes
778 2380 804 2434 d.
816 2379 969 2452 Chyprors,
982 2395 1009 2450 p.
1028 2379 1086 2449 ¹7¹)
1099 2390 1240 2447 nuntient,
1255 2379 1414 2435 donumum

108 2449 218 2505 Arsurii
231 2450 319 2523 April.
338 2450 399 2505 1261
417 2450 550 2506 fratribus
564 2451 719 2524 Hospitalis
732 2450 881 2506 venditum
896 2467 968 2520 esse,
987 2450 1064 2505 hunc
1078 2466 1186 2505 annum
1199 2466 1253 2520 pro
1277 2450 1413 2506 osuimus.

110 2525 133 2590 ²)
153 2523 260 2577 Postea
273 2521 410 2595 magister
422 2522 587 2594 Hospitalis.
679 2525 700 2593 8)
719 2523 750 2578 ld
764 2535 807 2578 est
821 2523 856 2577 de
870 2523 977 2594 Cancy.
1072 2525 1095 2589 ⁴)
1114 2467 1352 2603 strumberg),
1377 2523 1413 2580 cf.

107 2593 281 2649 Wochenbl.
295 2593 370 2666 1878,
378 2611 404 2665 p.
418 2612 564 2720 rgo—141.
639 2595 661 2665 ⁶)
674 2596 718 2650 De
727 2612 786 2668 quo
795 2593 930 2649 Delaville
943 2593 969 2647 le
982 2592 1414 2664 Roulx,Dessceauxd.pr1eurs

108 2664 218 2738 anglais
231 2663 310 2733 (Mel.
325 2665 422 2720 d'arch
441 2666 477 2720 ol.
492 2679 520 2722 et
534 2665 626 2721 d'hist.
640 2665 768 2738 publie'es
781 2684 833 2738 par
846 2658 951 2720 l'Ecole
965 2663 1053 2738 franc.
1065 2664 1101 2719 de
1108 2663 1201 2719 Rome
1209 2664 1264 2736 l,p.
1274 2682 1332 2738 375,
1343 2665 1414 2739 380).

172 2776 263 2838 1262
278 2775 399 2856 (1263)
415 2777 481 2839 Jan.
505 2799 552 2857 17,
570 2778 633 2840 ind.
652 2778 691 2841 Vl
708 2777 765 2856 (V).
790 2784 907 2840 Accon.
925 2811 968 2822 -
985 2776 1149 2854 Henricus,
1166 2777 1415 2861 archiepiscopus

110 2869 149 2930 de
166 2867 329 2945 Nazareth,
346 2880 376 2927 et
393 2865 531 2946 ejusdem
550 2868 694 2929 ecclesiae
711 2868 881 2950 capitulum
899 2887 970 2928 cum
982 2866 1235 2946 HugoneRevel,
1247 2867 1416 2947 Hospitalis

109 2957 269 3036 magistro,
294 2970 323 3017 et
346 2954 486 3034 ejusdem
510 2972 665 3019 conventu
690 2976 794 3018 coram
810 2957 935 3018 Thoma
958 2956 997 3018 de
1020 2954 1129 3017 ordine
1153 2956 1414 3036 Praedicatorum,

108 3047 257 3129 episcopo
269 3045 498 3107 Bethlemitano
509 3062 538 3107 et
555 3045 585 3108 S.
597 3052 635 3108 A.
647 3047 758 3126 legato,
771 3065 895 3108 necnon
905 3048 952 3126 B,
962 3044 1182 3106 archidiacono
1191 3045 1416 3127 Tiberiadensi,

109 3137 148 3198 de
164 3135 321 3197 solutione
338 3135 451 3218 appalti
468 3150 564 3197 terrae
581 3137 733 3197 Nazareth
749 3152 779 3197 et
796 3137 833 3197 de
850 3135 940 3197 casali
955 3136 1072 3196 Robert
1086 3134 1106 3212 ¹)
1128 3135 1202 3196 alias
1218 3135 1416 3198 Kafarkenne

110 3225 192 3287 dicto
215 3225 477 3306 compositionem
495 3225 610 3287 faciunt
627 3227 800 3307 factamque
819 3224 926 3304 sigillis
942 3225 1101 3302 muniunt,
1119 3238 1149 3285 et
1165 3224 1320 3286 Henricus
1337 3225 1417 3287 inter

109 3331 210 3376 cetera
232 3312 404 3393 confirmat,
425 3335 457 3375 se
481 3316 518 3376 ab
542 3315 711 3398 Hospitalis
733 3315 881 3395 magistro
901 3315 941 3377 lV
958 3313 1053 3374 millia
1069 3313 1275 3375 bisantiorum
1291 3333 1416 3376 necnon

111 3405 229 3466 curiam
245 3409 463 3465 Acconensem
480 3405 512 3466 in
528 3419 683 3467 contracta
700 3404 739 3466 de
755 3404 893 3467 Buekelo
905 3405 928 3482 ⁹)
949 3404 1037 3464 sitam
1054 3403 1216 3485 accepisse,
1233 3401 1322 3482 cujus
1338 3403 1416 3466 fines

110 3510 185 3555 sunt
194 3494 233 3554 ab
243 3493 403 3555 occidente
413 3509 443 3555 et
453 3494 581 3556 meridie
592 3495 717 3573 domus,
726 3513 806 3575 quae
818 3495 944 3556 luerunt
952 3493 1080 3575 Helyae,
1090 3493 1193 3554 militis
1204 3492 1242 3554 de
1253 3493 1416 3573 Nazareth,

110 3584 149 3645 ab
166 3582 326 3645 occidente
343 3583 457 3644 domus
474 3581 614 3661 ejusdem
631 3584 811 3666 Raymundi
829 3583 969 3644 Riccardi
985 3582 1163 3644 mercatoris
1180 3597 1209 3643 et
1225 3583 1272 3643 via
1283 3583 1416 3665 publica,

110 3695 128 3735 a
143 3671 355 3755 septentrione
379 3672 493 3734 domus
514 3673 635 3734 domini
651 3672 774 3735 Tibaldi
792 3675 829 3735 de
845 3674 966 3734 Betsan.
983 3705 1028 3716 -
1044 3671 1191 3751 Magister
1206 3672 1362 3734 Robertus
1379 3672 1417 3734 de

111 3762 273 3842 Santong,
290 3762 427 3823 decanus
443 3761 588 3824 ecclesiae
599 3763 801 3842 Acconensis,
813 3761 953 3824 officialis
963 3761 1069 3841 Legati
1078 3761 1262 3843 Apostolici,
1273 3763 1418 3841 magister

111 3852 245 3930 Addam,
278 3851 514 3913 archidiaconus
545 3853 747 3931 Acconensis,
780 3852 925 3933 magister
950 3850 1148 3929 Guillelmus,
1181 3851 1417 3913 archidiaconus

111 3943 300 4021 Nazarenus,
326 3939 419 4020 judex
445 3940 562 4002 Grillus
587 3942 625 4003 de
651 3943 807 4019 Messana,
835 3940 979 4021 magister
1003 3940 1172 4018 Johannes,
1198 3940 1287 4002 frater
1312 3941 1417 4020 Legati

112 4030 295 4112 Apostolici,
313 4030 457 4109 magister
472 4031 655 4111 Bonuanus,
674 4032 764 4093 frater
780 4030 947 4113 Hospitalis
969 4030 1080 4092 Simon
1096 4030 1135 4091 de
1150 4030 1242 4092 Beco.
1259 4030 1418 4092 lohannes

111 4121 150 4182 de
167 4118 357 4182 Cannamela
373 4118 603 4200 (Cannamelis),
626 4122 765 4183 notarius
782 4121 936 4204 publicus,
960 4119 1079 4202 scripsit
1102 4117 1197 4196 (Paoli
1214 4119 1236 4198 Ι,
1259 4139 1290 4202 p.
1314 4141 1418 4201 173-

110 4230 232 4289 -177,
250 4209 310 4270 No.
331 4227 406 4288 1413
432 4208 470 4270 cf.
487 4228 518 4291 p.
540 4212 734 4291 531—532).
1327 4206 1419 4268 1314

188 4314 209 4380 ¹)
227 4309 318 4383 Paoli,
331 4328 358 4383 p.
375 4324 439 4385 193:
453 4322 481 4366 et
494 4312 590 4369 Nature
603 4329 654 4368 seu
666 4314 753 4369 Nore.
828 4314 849 4384 2)
868 4312 993 4369 Ibidem:
1006 4309 1152 4367 Bochella.

202 4468 222 4500 „
268 4423 334 4485 Jan.
354 4443 405 4504 23,
422 4423 547 4486 indVl.
568 4429 676 4486 Accon
692 4425 725 4487 in
742 4425 854 4505 palatio
870 4424 992 4487 domini
1007 4424 1095 4506 Tyri,
1112 4422 1249 4506 hospitio
1265 4423 1364 4504 legati.
1375 4458 1419 4468 —

113 4512 306 4593 Hugolinus,
330 4511 423 4592 judex
446 4529 476 4575 et
498 4512 646 4593 notarius,
672 4513 774 4594 sigillo
796 4514 950 4594 Thomae,
977 4513 1116 4597 episcopi
1139 4513 1358 4575 Bethleemitae
1383 4534 1418 4576 ac

113 4604 144 4666 S.
155 4607 192 4665 Α.
203 4602 303 4684 legati,
315 4601 486 4681 confirmat,
498 4623 602 4665 coram
613 4624 656 4683 se,
668 4603 750 4665 dicto
768 4603 916 4686 episcopo
933 4623 1058 4666 necnon
1074 4603 1203 4665 testibus
1219 4603 1418 4686 infrascriptis

112 4694 273 4755 Thomam
289 4693 328 4754 de
344 4692 503 4772 Caesarea,
520 4691 621 4756 filium
637 4694 799 4775 quondam
814 4693 942 4755 Roberti
965 4693 1003 4754 de
1026 4692 1186 4772 Caesarea,
1210 4692 1308 4755 civem
1332 4713 1418 4755 nunc

112 4783 298 4864 Tyrensem,
321 4782 355 4843 in
378 4781 525 4845 domibus
548 4800 578 4844 et
595 4783 633 4844 de
657 4783 749 4844 bonis
771 4784 806 4844 B.
825 4783 939 4844 Mariae
956 4783 994 4844 de
1011 4782 1088 4843 valle
1103 4782 1249 4865 Josaphat
1265 4783 1418 4844 nutritum

114 4873 217 4934 eidem
233 4871 376 4933 ecclesiae
392 4891 447 4954 per
461 4891 592 4934 manum
602 4871 761 4936 Guillelmi
772 4872 883 4955 prioris
893 4873 1025 4934 domum
1036 4892 1125 4934 suam
1135 4872 1212 4956 Tyri
1222 4872 1255 4933 in
1265 4888 1418 4934 contracta
