3398 5400
579 341 658 413 regni
671 340 932 415 Hierosolymitnni.
1341 370 1400 430 345

99 582 172 623 vero
182 562 309 624 fratrum
319 563 489 645 Hospitalis
498 562 772 645 fratribusTempli
781 563 818 624 lll
826 578 996 625 carrucatas
1005 578 1100 625 terrae
1109 563 1250 641 Cafarlet,
1259 583 1404 625 mansum

99 652 183 732 apud
194 651 344 714 Sidonem
361 667 390 714 et
406 653 513 715 omnia
530 653 613 713 bona
630 652 729 731 offert,
741 672 821 733 quae
838 652 895 734 ipsi
913 653 1067 714 habebant
1082 653 1114 714 in
1125 653 1268 714 dominio
1279 653 1405 715 Sidonis

99 757 129 801 et
145 741 300 820 Beaufort,
317 761 454 823 quorum
472 743 621 804 dominus
638 756 713 803 tunc
729 756 792 802 erat
807 743 920 821 Julien,
945 741 1026 803 filius
1049 742 1187 820 Balianli)
1205 743 1343 804 d'lbelin.
1361 776 1405 786 —

98 830 208 892 Testes
225 846 368 913 utsupra
385 833 444 892 No.
469 834 549 912 1318
567 831 726 907 (Delaville
742 832 770 892 le
787 830 901 909 Roulx,
926 852 955 914 p.
976 852 1048 910 200,
1072 831 1133 893 No.
1152 852 1192 910 92
1220 829 1267 911 [cf.
1285 852 1315 913 p.
1335 830 1403 912 3o];

99 921 245 999 Docum,
263 941 292 1003 p.
313 922 454 1002 35—36,
472 922 532 983 Νο.
552 941 609 997 22;
635 922 737 1000 Prutz,
755 940 785 1001 p.
805 941 943 999 70—72,
960 922 1020 983 Νο.
1042 922 1124 1001 315).
1314 920 1405 980 1319

148 1042 238 1103 1262
254 1045 337 1126 Sept.
353 1067 403 1127 30,
422 1046 485 1108 ind.
495 1045 545 1108 Vl.
571 1051 678 1108 Accon
696 1045 728 1106 in
745 1045 881 1128 hospitio
898 1046 997 1127 legati.
1018 1080 1057 1090 -
1074 1047 1207 1107 lacobus
1224 1047 1262 1107 de
1279 1047 1403 1126 Assisia,

100 1135 237 1196 notarius
261 1135 415 1216 publicus,
439 1155 544 1198 coram
567 1156 599 1197 se
623 1149 652 1196 et
674 1135 810 1214 Thoma,
834 1136 982 1218 episcopo
1005 1135 1233 1196 Bethlemitano
1258 1156 1292 1197 ac
1317 1136 1405 1198 Sedis

99 1223 295 1305 Apostolicae
306 1223 418 1305 legat0,
429 1245 554 1287 necnon
565 1226 692 1287 testibus
708 1224 906 1306 infrascriptis
922 1225 1001 1285 inter
1017 1224 1174 1303 (Petrum),
1189 1226 1223 1286 B.
1236 1225 1349 1286 Mariae
1366 1224 1404 1286 de

98 1312 176 1374 valle
185 1313 332 1394 iosaphat
342 1316 492 1394 abbatem,
503 1331 532 1377 et
543 1315 726 1391 Henricum,
734 1314 1002 1397 archiepiscopum
1011 1316 1217 1393 Nazarenum,
1229 1315 1267 1375 de
1278 1314 1405 1376 decimis

99 1402 245 1463 casalium
257 1403 397 1483 Ligionis
413 1418 443 1466 et
452 1405 606 1467 Tannoch
624 1423 732 1484 pacem
749 1418 779 1465 et
795 1404 994 1465 concordiam
1010 1403 1117 1485 sigillis
1133 1403 1295 1484 utriusque
1312 1404 1405 1486 partis

100 1491 209 1553 factam
235 1512 310 1572 esse,
338 1492 509 1555 confirmat.
537 1529 577 1537 -
604 1493 812 1571 (Florentius),
839 1493 1004 1576 episcopus
1029 1494 1234 1570 Acconensis,
1260 1494 1406 1575 magister

98 1580 264 1660 lohannes,
274 1582 418 1644 Thomae
434 1583 524 1663 legati
540 1603 718 1663 germanus,
730 1583 917 1665 Stephanus,
928 1583 1065 1665 episcopi
1077 1582 1268 1644 Acconensis
1278 1583 1405 1644 clericus

99 1670 294 1752 (Delaborde,
312 1692 342 1753 p.
366 1693 485 1753 113—r
499 1694 536 1753 14
552 1672 584 1734 in
601 1673 662 1734 No.
683 1672 743 1752 55).
1316 1670 1406 1731 1320

182 1832 200 1864 ,,
247 1789 321 1850 Dec.
340 1790 387 1850 18.
405 1794 513 1850 Accon
524 1788 661 1869 (gallice).
680 1823 723 1832 -
738 1789 879 1851 Thomas
889 1789 1013 1869 Berard,
1026 1789 1170 1868 magister
1179 1788 1315 1870 Templi,
1332 1807 1406 1850 cum

99 1876 248 1958 magistro
271 1877 440 1959 Hospitalis
463 1878 600 1958 Hugoue
624 1878 719 1940 Revel
742 1879 780 1940 de
804 1877 893 1939 casali
917 1879 1017 1957 Alma,
1042 1879 1128 1959 quod
1152 1878 1257 1940 fratres
1279 1878 1406 1959 Templi

99 1981 349 2049 permutaverant
365 1987 437 2029 cum
453 1961 588 2029 Johanni
605 1968 642 2029 de
660 1967 822 2046 Montfort,
845 1967 976 2030 domino
993 1968 1031 2030 de
1047 1968 1168 2048 Toron,
1193 1983 1222 2029 et
1245 1967 1405 2050 Hospitale

100 2056 316 2137 revindicabat,
333 2075 369 2139 ea
385 2057 564 2119 conditione
582 2057 736 2133 convenit,
748 2071 783 2119 ut
794 2057 899 2118 fratres
908 2057 1035 2139 Templi
1046 2057 1122 2119 illud
1135 2059 1232 2119 casale
1242 2059 1406 2120 reddentes

100 2149 193 2224 bona,
205 2165 284 2227 quae
301 2160 560 2229 permutaverant,
578 2147 737 2229 recipiant,
754 2162 785 2208 et
802 2147 897 2226 Hugo
915 2147 1011 2209 Revel
1027 2148 1187 2230 promittit,
1206 2164 1249 2227 ut,
1266 2148 1292 2208 si
1308 2147 1405 2209 casale

99 2236 138 2297 ab
147 2235 283 2297 lohanni
293 2235 446 2318 Hospitali
461 2236 686 2315 attribueretur,
705 2237 781 2298 illud
791 2236 928 2319 Templo
944 2238 1128 2299 concederet
1144 2239 1226 2299 bona
1242 2237 1405 2316 antedicta,

100 2343 181 2415 quae
197 2325 240 2386 illi
257 2325 414 2405 dederant,
431 2342 621 2409 recepturus.
639 2359 682 2370 -
699 2327 745 2388 De
761 2326 921 2388 fratribus:
939 2326 1119 2389 Guillaume
1129 2327 1168 2388 de
1179 2326 1281 2409 Malay
1291 2346 1406 2387 mares-

100 2415 211 2499 calcus,
223 2413 402 2477 Guillaume
419 2416 456 2477 de
475 2415 690 2496 Montignane,
710 2435 842 2495 magnus
859 2417 1104 2494 commendator,
1115 2417 1272 2479 Gonsalve
1284 2416 1406 2494 Martin,

99 2505 337 2566 commendator
347 2504 492 2583 Acconis,
503 2506 622 2568 Gerard
639 2507 677 2567 de
693 2506 840 2585 Bargues,
858 2507 1096 2567 commendator
1111 2505 1257 2585 militum,
1266 2505 1286 2583 ¹)
1304 2506 1407 2567 Hervel

98 2595 137 2654 de
161 2594 252 2676 Lyon
274 2594 491 2676 turcoplerius,
515 2595 618 2656 Pierre
641 2594 679 2656 de
703 2595 818 2676 Cayres
837 2610 865 2656 et
882 2595 956 2677 Guy
979 2596 1138 2673 d'Aubon,
1160 2596 1234 2656 socii
1258 2595 1405 2674 magistri,

97 2683 259 2745 Bienvenu
276 2682 484 2745 thesaurarius
501 2698 530 2745 et
546 2683 595 2744 alii
614 2684 771 2760 (Delaville
788 2684 815 2745 le
832 2685 946 2764 Roulx,
964 2705 994 2767 p.
1009 2705 1080 2763 200,
1100 2685 1160 2746 Νο.
1173 2705 1212 2765 93
1233 2682 1280 2764 [cf.
1292 2706 1321 2768 p.
1337 2682 1404 2764 39];

100 2773 246 2853 Docum,
264 2792 293 2853 p.
314 2774 365 2854 36,
382 2774 442 2834 Νο.
463 2793 520 2852 233
545 2774 647 2851 Prutz,
665 2794 694 2856 p.
714 2794 855 2853 72-74‚
873 2774 933 2835 Νο.
953 2776 1037 2855 317).
1316 2771 1402 2833 1321

173 2877 194 2943 ¹)
213 2874 244 2929 In
257 2874 355 2947 regula
369 2873 602 2946 Templariorum
617 2875 716 2931 Gitant
730 2876 765 2931 de
780 2875 898 2949 Braiges
912 2890 1041 2933 vocatus.

181 3024 199 3057 ,‚
247 2980 321 3041 Dec.
339 3000 385 3058 19,
402 2979 466 3040 ind.
478 2979 527 3041 Vl.
550 2983 657 3040 Accon
674 2978 811 3059 (gallice).
828 2979 1040 3060 -Thomas,
1057 2981 1222 3063 episcopus
1238 2981 1407 3043 Bethlemi-

98 3085 190 3131 tanus
206 3084 235 3129 et
255 3069 284 3130 S.
304 3074 340 3130 A.
358 3069 485 3148 legatus,
508 3068 763 3150 Hartymanlnus)
781 3070 819 3131 de
837 3069 1070 3150 Helderongue,
1094 3089 1228 3151 magnus
1244 3089 1407 3133 commen·

99 3160 186 3220 dator
201 3157 476 3220 Theutonicorum
492 3172 522 3219 et
537 3158 669 3220 vicarius
692 3159 839 3238 magistri,
863 3159 969 3223 Gefrei
986 3161 1024 3221 de
1041 3160 1196 3241 Sergines,
1213 3161 1407 3223 senescalcus

99 3264 128 3309 et
145 3246 275 3308 ballivus
291 3248 378 3327 regni
396 3247 683 3329 Hierosolymitani,
702 3264 730 3309 et
746 3248 915 3311 Guillelme
938 3249 977 3310 de
1002 3251 1130 3329 Botron,
1154 3248 1296 3327 ejusdem
1318 3250 1406 3330 regni

98 3337 353 3414 constabularius,
370 3337 633 3418 compositionem
650 3338 832 3399 molendina
849 3339 887 3399 de
906 3339 973 3399 Doc
989 3355 1017 3400 et
1033 3339 1209 3402 Ricordane
1225 3340 1407 3402 attinentem

100 3427 218 3488 faciunt
234 3426 312 3487 inter
328 3426 498 3509 Hospitalis
514 3446 548 3486 ac
564 3426 689 3509 Templi
708 3428 820 3490 domos
838 3428 1011 3509 factamque
1027 3428 1134 3510 sigillis
1150 3428 1346 3491 confirmant.
1367 3465 1406 3472 -

99 3517 218 3597 Henry,
236 3515 486 3598 archiepiscopus
503 3516 540 3576 de
558 3517 719 3594 Nazareth,
738 3517 849 3596 Raoul,
861 3518 1026 3599 episcopus
1037 3519 1075 3579 de
1086 3517 1193 3595 Gibel;
1212 3519 1249 3579 de
1265 3518 1407 3581 fratribus

96 3605 222 3686 Templi
241 3621 269 3665 et
285 3604 472 3688 Hospitalis:
496 3605 666 3668 Guillelme
682 3607 720 3667 de
737 3607 850 3688 Malay,
869 3608 1071 3669 marescalcus
1086 3607 1222 3690 Templi,
1240 3607 1407 3670 Joceaume
1501 3620 1508 3629 '⁴

99 3694 303 3772 Destornel,¹)
335 3695 537 3756 marescalcus
570 3695 748 3776 Hospitalis,
781 3695 960 3757 Guillaume
987 3698 1024 3757 de
1051 3696 1248 3776 Montignan,
1275 3716 1407 3777 magnus

99 3785 336 3846 commendator
352 3783 488 3866 Templi,
511 3784 620 3866 Henry
636 3785 674 3846 de
691 3785 788 3862 Fer,²)
812 3805 945 3865 magnus
969 3787 1204 3847 commendator
1227 3786 1406 3868 Hospitalis,

99 3874 256 3937 Gonsalve
283 3873 411 3951 Martin,
438 3874 675 3935 commendator
698 3875 823 3956 Templi
849 3875 1057 3952 Acconensis,
1083 3875 1193 3937 Gerart
1219 3876 1257 3937 de
1282 3877 1406 3956 Barges,

98 3964 337 4025 commendator
360 3962 494 4024 militum
512 3962 646 4044 Templi,
672 3964 775 4025 Pierre
798 3965 836 4025 de
860 3965 975 4046 Cayres
998 3980 1028 4024 et
1050 3964 1123 4046 Guy
1146 3965 1307 4042 d'Aubon,
1331 3965 1407 4028 socii

98 4053 236 4133 magistri
252 4052 387 4134 Templi,
406 4051 514 4114 Garcie
531 4050 680 4114 Semenes
697 4053 924 4136 hospitalarius,
942 4053 1058 4132 Rogier
1073 4054 1110 4114 de
1122 4054 1208 4132 Vers,
1225 4055 1407 4136 drapparius

100 4142 279 4224 Hospitalis,
291 4141 459 4204 Guillelme
471 4141 691 4219 Descorcelles,
703 4143 836 4205 Allonso
852 4143 939 4205 Piere
957 4143 1077 4220 Farine,
1094 4142 1196 4205 Pierre
1207 4144 1405 4223 d'Avignon3

99 4233 138 4295 de
155 4232 304 4293 militibus
320 4230 545 4292 saecularibus:
570 4231 649 4292 Joan
666 4232 703 4292 de
721 4232 863 4311 Gibellet,
888 4232 1090 4294 marescalcus
1114 4233 1201 4313 regni
1224 4233 1407 4316 Hierosoly-

99 4321 218 4399 mitani,
242 4321 342 4383 Johan
365 4321 403 4381 de
427 4319 521 4401 Flori,
545 4321 747 4382 marescalcus
770 4322 808 4383 de
831 4321 973 4400 Tabarie,
996 4321 1142 4383 Estienne
1167 4323 1205 4383 de
1228 4322 1406 4402 Sauveigni,

98 4413 196 4491 laque
222 4409 312 4472 Vidal
339 4426 367 4471 et
393 4410 496 4492 plures
521 4409 571 4470 alii
604 4409 698 4487 (Paoli
715 4411 737 4488 l,
754 4430 783 4492 p.
808 4432 1002 4490 177-179,
1029 4412 1090 4472 Νο.
1114 4432 1171 4491 142
1199 4410 1246 4492 [cf.
1264 4431 1294 4492 p.
1315 4410 1405 4492 532];

99 4500 251 4579 Strehlke,
274 4520 303 4582 p.
327 4520 520 4580 114—115,
544 4500 604 4560 No,
628 4519 703 4579 ¹233
729 4500 877 4562 Delaville
893 4502 921 4563 le
939 4500 1053 4579 Roulx,
1077 4501 1280 4580 Documenta,
1304 4520 1334 4583 p.
1355 4522 1406 4582 37,

98 4591 160 4652 No.
181 4588 242 4669 24).
1317 4589 1407 4651 1322

176 4692 195 4761 ¹)
214 4689 306 4746 Alias:
322 4691 493 4759 d’Estornel,
507 4690 556 4763 qui
573 4709 639 4748 cum
653 4693 779 4762 Hugone
799 4690 835 4745 de
855 4690 951 4761 Revel,
971 4689 1110 4761 magistro
1129 4690 1295 4763 Hospitalis,
1314 4691 1342 4747 in
1363 4692 1407 4748 in-

100 4762 257 4835 scriptione
270 4775 392 4818 vocatur
405 4763 683 4834 (Comptes-rendus
697 4763 732 4817 de
746 4762 844 4818 l'acad.
860 4763 886 4817 d.
900 4761 1025 4833 inscript.
1038 4761 1113 4833 1888,
1126 4763 1235 4835 XVl,p.
1246 4768 1407 4837 371-372).

103 4838 126 4904 ²)
141 4834 176 4889 de
184 4834 399 4906 Fer(stemberg
408 4838 440 4905 ?);
449 4833 484 4890 cf.
493 4852 580 4906 supra
588 4836 654 4906 (No.
664 4837 750 4908 ¹3¹3l·
764 4832 1112 4890 HenricusTheotonicus
1121 4834 1219 4890 locum
1230 4847 1330 4891 tenens
1344 4855 1407 4891 ma-

101 4905 182 4979 gistri
194 4919 316 4961 vocatur
328 4907 480 4979 (Herquet,
493 4905 701 4980 Chronologie,
713 4923 741 4979 p.
755 4905 809 4980 38).
