3398 5400
586 358 939 436 regnillierosolymitani.
1350 383 1411 449 239

110 584 218 665 Cypri,
229 584 349 661 sororii,
367 584 483 646 Pisanis
500 583 666 666 privilegia,
678 605 757 665 quae
774 604 790 642 a
807 584 995 645 boemundo
1010 602 1069 644 avo
1085 598 1115 643 et
1131 581 1312 645 Constantia
1328 600 1413 641 acce-

110 689 233 753 perunt,
244 674 345 752 sigillo
356 673 527 735 confirmat.
543 709 577 719 -
592 673 678 735 Otho
689 674 726 734 de
736 674 883 750 Tabarea,
895 672 1074 734 Willelmus
1091 673 1128 733 de
1144 672 1256 749 Insula,
1270 669 1415 731 Acharias

110 763 313 841 senescalcus,
331 763 552 840 Eschevardus,
571 763 660 824 frater
676 761 751 841 ejus,
772 762 925 841 Rogerius
942 762 979 822 de
999 762 1168 839 Montibus,
1186 761 1297 823 Simon
1314 779 1414 820 came-

111 852 218 927 rarius,
245 853 375 914 Pontius
399 852 593 931 Loubardus,
616 852 757 914 Thomas
782 851 995 928 Malebrunus,
1022 851 1179 912 lohannes
1205 849 1413 924 Flandreusis,

111 941 174 1002 dux
191 941 384 1003 Antiochiae.
409 942 523 1003 Datum
542 961 596 1022 per
611 960 740 1002 manum
757 941 882 1001 lordani
900 941 1070 1002 cancellarii
1087 940 1225 1017 Nicolao,
1243 937 1415 999 vicecomiti

111 1030 310 1091 Antiocheno
335 1031 518 1092 Pisanorum
542 1030 590 1106 (G.
610 1031 731 1106 MbIIer,
756 1050 786 1111 p.
805 1050 959 1109 90-91,
984 1030 1044 1091 No.
1066 1031 1105 1110 58
1124 1027 1171 1109 [cf.
1190 1048 1220 1109 p.
1237 1026 1331 1108 438];
1358 1027 1415 1088 Dal

111 1120 224 1198 BorgO,
243 1139 272 1199 p.
296 1140 482 1201 174-1753
508 1119 669 1195 Muratori,
687 1120 794 1200 Antiq.
813 1118 870 1199 [ed.
889 1117 952 1199 fol]
971 1119 1005 1196 ΙΙ,
1022 1139 1050 1200 p.
1070 1120 1267 1197 ora—918,
1289 1115 1347 1196 [ed.
1365 1114 1413 1196 4⁰]

111 1208 162 1285 VI,
180 1228 209 1289 p.
224 1210 336 1288 283—
347 1211 427 1284 2863
453 1209 610 1288 Langlois,
626 1209 743 1270 Tre'sor
759 1209 813 1269 des
830 1210 948 1269 chartes
964 1207 1155 1287 d'Arme'nie,
1180 1228 1209 1289 p.
1234 1208 1353 1288 138-r
1364 1226 1415 1285 39,

111 1297 172 1358 Νο.
197 1299 249 1374 163
275 1298 312 1359 cf.
330 1299 447 1361 Tronci
464 1299 486 1377 I,
507 1318 536 1379 p.
553 1299 639 1378 418).
1345 1293 1416 1353 886

175 1412 264 1473 1216
281 1419 362 1493 Aug.
378 1435 424 1491 ιο,
442 1414 563 1478 indIV.
582 1415 709 1477 Perusii.
720 1449 763 1456 —
775 1414 936 1476 Honorius
947 1414 983 1475 III
994 1413 1176 1475 sententiam
1188 1412 1358 1472 Innocentii
1371 1411 1416 1489 III,

112 1503 166 1583 qui
193 1519 318 1584 propter
345 1504 588 1565 Venetianorum
616 1504 843 1565 contumaciam
869 1504 1064 1565 manifestam
1089 1501 1232 1564 ecclesiae
1263 1501 1293 1563 S.
1322 1500 1416 1562 Marci

111 1593 260 1674 Tyrensis
277 1612 349 1654 cum
367 1593 558 1673 pertinentiis
569 1594 779 1675 possessiones
791 1612 881 1654 causa
893 1594 934 1654 rei
946 1594 1122 1671 servandae,
1134 1592 1238 1672 quoad
1249 1590 1417 1672 spiritualia

112 1681 307 1759 adjudicavit,
326 1681 498 1757 confirmat,
509 1699 538 1743 et
549 1682 741 1759 (Simonem),
757 1682 1025 1764 archiepiscopum
1035 1682 1220 1764 Tyrensem,
1237 1681 1269 1740 in
1287 1679 1416 1741 eandem

112 1791 167 1852 per
184 1770 387 1848 (Radulfum),
406 1773 606 1853 patriarcham
624 1772 955 1852 Hierosolymitanum,
976 1773 1133 1849 (Petrum),
1150 1769 1417 1850 archiepiscopum

112 1860 354 1938 Caesariensem,
378 1860 562 1937 (Iohannem
580 1861 624 1938 ΙΙ),
647 1863 788 1921 abbatem
815 1861 852 1921 de
876 1861 985 1923 Monte
1004 1861 1142 1939 Thabor,
1167 1859 1271 1920 induci
1289 1877 1323 1919 ac
1339 1857 1417 1919 tueri

113 1949 197 2027 jubet
214 1948 369 2025 (Pressurti
388 1951 408 2027 Ι,
428 1952 488 2012 Νο.
512 1950 569 2028 16).
585 1944 595 2033 ll
612 1950 656 2011 De
674 1950 782 2010 eadem
799 1969 830 2010 re
848 1950 897 2027 (22
916 1951 1010 2030 Aug.)
1033 1950 1218 2031 patriarchae
1236 1947 1418 2029 Hierosoly-

114 2039 242 2116 mitano,
261 2039 372 2116 (Petro)
389 2040 580 2101 Caesariensi
597 2054 626 2100 et
642 2039 789 2115 (Roberto
807 2039 851 2115 ΙΙ),
876 2040 1047 2115 Nazareno,
1072 2038 1309 2119 archiepiscopis
1333 2036 1416 2114 (ibid.

114 2128 174 2189 No.
194 2147 232 2208 23
252 2143 281 2188 et
297 2148 388 2209 supra
408 2130 469 2190 No.
489 2131 572 2205 881).
1348 2121 1416 2184 887

203 2287 222 2321 ,,
269 2243 351 2324 Sept.
376 2265 399 2304 1.
417 2278 461 2287 -
477 2245 633 2326 Rupinus,
657 2244 801 2325 princeps
817 2244 1042 2320 Antiochenus,
1066 2243 1235 2305 Raimundi
1259 2243 1316 2302 Rat
1333 2242 1418 2322 prin-

114 2332 190 2413 cipis
207 2332 299 2409 filius,
319 2334 440 2394 donum
457 2353 474 2394 a
490 2334 689 2408 Boamundo,
707 2333 844 2414 principe
860 2333 1060 2394 Antiocheno
1077 2347 1107 2394 et
1122 2353 1180 2394 avo
1196 2351 1265 2408 su0,
1277 2331 1419 2392 fratribus

114 2421 146 2483 S.
158 2422 262 2482 Lazari
274 2424 312 2482 de
322 2422 490 2482 Jerusalem
502 2422 615 2484 factum
633 2423 746 2483 scilicet
764 2424 795 2483 M
811 2422 962 2502 anguillas
977 2423 1009 2483 in
1020 2425 1095 2483 urbe
1107 2422 1302 2482 Antiochena
1312 2439 1419 2481 meuse

114 2511 304 2591 Septembris
327 2511 520 2591 accipiendas
543 2512 644 2592 sigillo
667 2510 839 2572 confirmat.
857 2544 900 2554 —
917 2511 1074 2589 Acharias,
1097 2511 1283 2572 senescallus
1308 2510 1419 2570 Antio-

114 2600 211 2675 chiae,
239 2599 409 2662 Mansellus
434 2602 707 2678 conestabularius,
734 2601 874 2662 Thomas
900 2599 1106 2677 marescallus,
1136 2601 1276 2661 Julianus
1301 2600 1420 2661 Jaunus

115 2689 272 2770 pincerna,
297 2689 417 2772 Symon
442 2690 636 2767 camerarius,
653 2689 831 2751 Willelmus
848 2691 886 2751 de
908 2690 1036 2767 Hasard,
1060 2690 1246 2750 Amauricus
1263 2690 1301 2750 de
1318 2688 1420 2764 Crosi,

115 2778 246 2839 Pontius
263 2779 470 2856 lombardus,
488 2779 645 2840 Anfredus
662 2781 699 2840 de
717 2781 867 2858 Margaro,
885 2780 1047 2840 Americus
1064 2779 1102 2839 de
1119 2778 1279 2840 Rodanos.
1305 2779 1421 2840 Datum

117 2886 172 2947 per
190 2886 319 2930 manum
337 2868 473 2947 Jordani,
490 2868 661 2929 cancellarii
679 2868 797 2948 Rupiui
814 2868 972 2944 (Archives
988 2869 1025 2929 de
1043 2867 1258 2929 l'Orientlatin
1269 2867 1303 2946 ll,
1314 2888 1343 2949 p.
1362 2887 1420 2946 ¹49

115 2977 236 3038 —t5o,
257 2959 318 3019 No.
338 2958 398 3037 32).
1351 2954 1421 3016 888

206 3111 225 3142 „
272 3064 366 3146 Sept,
393 3064 456 3125 ind.
476 3064 512 3125 V.
545 3063 747 3126 Haldinburc.
772 3097 815 3107 -
840 3064 1013 3125 Fridericus
1038 3063 1061 3124 II
1086 3064 1196 3125 domui
1218 3063 1344 3146 Templi
1368 3084 1422 3145 per

116 3173 247 3216 manum
264 3153 424 3216 GuilIeImi
441 3154 479 3214 de
497 3154 661 3215 Antiochia
679 3154 776 3214 fratris
799 3153 994 3233 privilegium
1020 3156 1057 3214 ab
1080 3154 1217 3233 Hugone
1243 3154 1282 3215 de
1305 3154 1422 3214 baucio

116 3243 248 3324 ejusque
272 3262 368 3304 uxore
391 3244 511 3320 Barasa,
536 3243 573 3304 R.
591 3244 629 3304 de
645 3243 771 3319 Baucio,
795 3243 833 3305 G.
852 3244 1001 3304 Aimardo
1024 3241 1154 3323 ejusque
1171 3262 1267 3304 uxore
1285 3241 1420 3320 Mabilia,

117 3334 154 3394 R.
173 3332 315 3395 Gaufridi
332 3346 360 3392 et
378 3331 551 3409 Rocelliu0,
575 3333 753 3393 vicecomite
780 3332 943 3409 Massiliae,
969 3351 1153 3394 concessum
1179 3348 1207 3393 et
1231 3332 1421 3410 Mlichaelis),

116 3421 305 3483 Arelatensis
328 3422 561 3503 archiepiscopi,
585 3421 754 3502 SItephani)
777 3421 968 3483 Tolonensis
991 3437 1021 3482 et
1043 3422 1224 3498 G(uillelmi)
1245 3420 1422 3483 Aviniensis

117 3512 338 3592 episcoporum
361 3509 468 3589 sigillis
490 3511 659 3587 munitum,
677 3530 742 3591 quo
759 3511 792 3570 in
809 3510 926 3571 civitate
943 3528 971 3572 et
988 3511 1131 3573 dominio
1151 3511 1305 3573 Massiliae
1329 3530 1422 3571 naves

117 3600 216 3661 facere
233 3616 262 3660 et
279 3601 388 3660 iisdem
412 3616 596 3661 mercatores
613 3617 641 3661 et
658 3600 838 3680 peregrinos
855 3601 886 3660 in
903 3616 997 3662 terras
1015 3600 1228 3662 ultramarinas
1246 3600 1292 3661 vel
1309 3600 1421 3680 Hispa-

117 3689 186 3750 niae
203 3689 251 3749 vel
267 3689 300 3749 in
317 3689 389 3749 alias
406 3704 505 3769 partes
521 3690 592 3749 vehi
609 3689 697 3750 dictis
714 3689 856 3750 fratribus
873 3689 970 3769 liceat,
990 3690 1152 3751 coufirmat
1175 3689 1421 3767 (Winkelmann,

118 3783 193 3839 Acta
210 3777 325 3839 inedita
342 3778 363 3856 Ι,
381 3798 411 3859 ρ.
435 3799 503 3855 117,
521 3779 581 3839 No.
606 3798 680 3858 1303
706 3779 977 3857 ssuhmer-Ficker,
995 3781 1055 3840 No.
1074 3780 1157 3855 880).
1352 3776 1422 3836 889

162 3894 173 3972 (
212 3940 231 3970 „
278 3892 414 3970 Octob.).
431 3927 475 3936 -
491 3895 631 3971 Iacobus,
653 3895 819 3976 episcopus
836 3895 1037 3969 Acconensis,
1061 3895 1177 3956 amicos
1193 3895 1337 3955 certiores
1354 3895 1422 3956 facit

117 3983 156 4044 de
173 3982 324 4044 electione
341 3999 441 4043 suaet
458 3983 565 4044 itinere
583 4003 637 4064 per
653 3983 767 4043 Italiam
785 3984 864 4044 facto
881 3985 954 4045 inde
971 3985 1003 4045 in
1019 3985 1148 4045 Terram
1166 3984 1307 4045 Sanctam
1325 4001 1422 4045 trans-

118 4071 283 4132 fretaturus
306 4071 358 4148 (St.
377 4072 495 4133 Geuois
512 4073 543 4133 in
561 4074 663 4134 Nouv.
683 4075 777 4134 Mc'rn.
796 4074 833 4134 de
850 4074 955 4134 l'acad.
974 4075 1011 4134 de
1028 4074 1185 4135 Bruxelles
1203 4073 1310 4150 XXIII,
1331 4094 1360 4155 p.
1381 4093 1420 4151 ²9

117 4181 221 4241 -33;
249 4161 399 4221 Rbhricht
415 4161 447 4221 iu
464 4162 609 4222 Zeitschr.
628 4162 647 4223 f.
665 4162 907 4241 Kircheugesch.
931 4165 1029 4242 1892:
1050 4164 1106 4243 Ep.
1124 4163 1184 4223 lac.
1202 4163 1261 4224 Nu.
1286 4163 1318 4241 1).
1351 4160 1423 4221 890

163 4273 175 4360 (
214 4321 233 4353 ,,
279 4275 381 4354 tMaj.
401 4277 689 4356 26).—-Bubelrre,
707 4277 788 4339 lilius
804 4278 909 4357 Ajubt,
934 4279 1082 4341 soldanus
1098 4279 1188 4341 Petro
1205 4278 1301 4357 ZianI,
1321 4280 1421 4341 Vene-

117 4383 222 4428 torum
252 4366 335 4444 duci,
366 4386 397 4427 se
428 4367 554 4427 eosdem
579 4383 702 4428 etcum
726 4367 761 4428 iis
785 4367 816 4428 in
840 4374 1019 4450 Aegyptum
1051 4370 1210 4432 venientes
1241 4389 1421 4432 conservare

118 4477 152 4517 ac
176 4457 279 4518 fovere
310 4455 397 4533 velle,
421 4455 593 4536 pollicetur.
617 4490 661 4499 -
687 4457 835 4519 Vivianus
859 4474 914 4520 etc.
947 4474 1096 4539 utsupra
1128 4461 1187 4520 Νο.
1215 4461 1278 4539 830
1302 4459 1421 4535 (Tafel-

116 4546 259 4606 Thomas
276 4545 309 4621 ΙΙ,
328 4564 357 4625 p.
381 4546 637 4623 roo—191,N0.
657 4565 736 4624 2473
762 4546 799 4607 cf.
818 4547 885 4608 Vite
903 4549 940 4608 de
958 4549 1051 4609 duchi
1069 4548 1101 4609 di
1118 4548 1249 4610 Venezia
1266 4548 1298 4609 iu
1316 4549 1421 4609 Mura-

117 4635 178 4697 tori
201 4633 256 4695 SS.
273 4633 367 4712 XXII,
391 4653 421 4714 p.
442 4653 552 4713 542—
567 4654 644 4715 5433
671 4636 841 4716 Capelletti,
865 4636 963 4698 Storia
988 4638 1037 4698 dei
1061 4638 1217 4719 republica
1241 4637 1271 4698 di
1288 4638 1422 4699 Venezia

124 4726 216 4804 1850,
241 4723 276 4802 ΙΙ,
293 4742 323 4803 p.
343 4742 423 4797 2123
448 4723 539 4804 Heyd
556 4723 577 4797 I,
603 4744 631 4805 p.
649 4724 735 4804 404).
752 4718 761 4806 II
778 4725 1011 4787 Documentum
1034 4728 1184 4808 scriptum
1206 4742 1250 4788 est
1275 4729 1422 4809 «septima

118 4813 251 4874 intrante
268 4831 376 4873 mense
393 4811 510 4890 Safar»,
530 4811 593 4873 sive
612 4815 651 4875 26
671 4813 741 4889 Maj.
766 4816 856 4892 1216,
879 4815 903 4875 si
920 4817 1123 4897 comprobare
1140 4816 1217 4895 licet,
1235 4837 1314 4897 quae
1332 4818 1422 4899 Heyd

118 4902 148 4980 ΙΙ.
166 4902 203 4980 c.)
220 4903 258 4963 de
276 4900 437 4984 privilegio
453 4902 629 4963 cohaerenti
646 4903 798 4985 exposuit.
1351 4905 1418 4967 891
