3398 5400
671 324 752 403 regni
764 321 1025 402 Hierosolymitani.
1434 348 1495 413 ²09

193 550 366 628 Henricus;
391 549 480 630 jurati
497 552 536 612 de
552 552 712 634 Cayphas:
730 551 918 613 Guillelmus
933 551 1040 630 scriba,
1058 550 1213 613 Robertus
1229 549 1360 629 Elefant,
1380 549 1498 612 Rolan-

194 641 264 721 dus,
283 640 452 702 Reinaldus
469 642 507 702 de
524 641 731 718 Finamunde,
751 642 909 702 lohannes
927 639 1021 719 Maj0,
1044 642 1268 717 bonaccursus,
1292 641 1364 721 Ugo
1381 641 1497 701 Pelevi-

193 731 294 809 lanus,
311 731 484 792 vicecomes
500 731 701 810 Acconensis,
726 731 888 812 Philippus
905 730 1086 808 Morisinus,
1103 730 1337 792 clarembaldus
1353 730 1391 790 de
1409 729 1498 791 Vice-

193 819 359 899 comitissa,
376 821 492 902 Helyas
507 821 546 881 de
563 822 692 882 Nazaret
708 820 804 896 (Pauli
819 821 840 899 l,
858 841 887 902 p.
907 839 1048 899 91—92,
1066 821 1126 880 Nn.
1146 821 1203 895 863
1221 819 1258 881 cf.
1276 839 1306 900 p.
1328 819 1410 899 514).
1428 816 1498 877 784

256 934 342 995 1201
363 936 475 999 Octob.
499 958 523 998 1.
557 937 624 999 Sisi.
648 972 692 982 —
715 938 780 999 Leo
797 939 831 1017 ll,
855 958 906 998 rex
929 937 1106 1012 Armeniae,
1130 937 1311 998 Innocentio
1329 936 1365 997 lll
1388 935 1499 1015 gratias

192 1026 257 1105 agit
277 1046 335 1108 pro
357 1026 469 1088 vexillo
492 1027 526 1087 Β.
545 1028 624 1088 Petri
642 1028 821 1088 transmisso
836 1027 856 1104 ¹)
872 1043 902 1088 et
917 1026 1048 1105 nuntiat,
1072 1026 1329 1104 Bohemundum,
1353 1025 1498 1086 comitem

192 1115 437 1197 Tripolitanum,
447 1132 476 1176 et
487 1116 701 1179 Antiochenos
713 1137 785 1178 cum
797 1117 1008 1179 Roconodino
1020 1116 1042 1193 ²)
1055 1115 1154 1176 crucis
1165 1117 1253 1177 hoste
1263 1113 1499 1176 confoederatos

193 1224 271 1282 esse,
295 1220 330 1267 ut
354 1206 428 1266 alter
453 1207 491 1266 ab
514 1207 606 1267 altera
636 1221 719 1287 parte
743 1206 840 1288 ipsius
864 1225 997 1285 regnum
1020 1205 1246 1287 aggrederetur,
1270 1205 1357 1285 quod
1381 1204 1499 1265 nuntiis

193 1294 290 1375 captis
305 1295 491 1376 apparuerit,
507 1314 603 1374 seque
620 1294 697 1356 fines
713 1295 896 1357 Antiochiae
912 1295 1085 1374 ingressum
1103 1314 1157 1376 per
1173 1294 1210 1355 lll
1228 1313 1351 1355 menses
1367 1293 1500 1375 plurima

193 1383 377 1445 sustinuisse
393 1401 423 1445 et
440 1384 652 1462 Antiochenis,
664 1404 743 1465 quae
760 1385 936 1463 voluerunt,
954 1384 1128 1445 indulsisse.
1147 1384 1268 1445 Deinde
1278 1383 1401 1464 gaudet,
1413 1383 1499 1463 quod

193 1472 285 1552 legati
302 1471 473 1554 Apostolici
489 1493 563 1535 mox
579 1474 701 1535 venturi
718 1474 788 1552 sint,
805 1474 920 1555 quibus
937 1473 979 1535 rei
996 1472 1210 1534 certitudinem
1229 1473 1378 1554 explicare
1395 1472 1500 1553 possit,

194 1576 224 1622 et
238 1576 337 1641 rogat,
349 1577 384 1623 ut
393 1582 558 1624 succursus
575 1563 629 1624 diu
646 1579 836 1644 exspectatus
852 1580 881 1624 et
897 1562 1086 1624 desideratus
1101 1582 1173 1624 mox
1184 1562 1295 1638 veniat,
1307 1580 1407 1642 quum
1422 1561 1501 1622 inter

195 1649 366 1714 Saracenos
382 1651 553 1713 discordiae
574 1668 604 1712 et
629 1652 707 1713 bella
730 1652 873 1713 intestina
898 1668 1000 1712 exona
1026 1652 1096 1725 sint,
1122 1670 1195 1712 cum
1217 1651 1324 1731 legatis
1347 1669 1419 1711 vero
1436 1651 1500 1712 suis

194 1739 463 1822 archiepiscopum
475 1742 697 1821 Magantinum
715 1740 848 1819 judicem
866 1741 984 1802 mittere
1000 1741 1081 1818 velit,
1088 1741 1110 1818 3)
1126 1756 1193 1802 turn
1210 1741 1321 1820 gratias
1331 1740 1401 1819 agit,
1412 1740 1499 1819 quod

195 1848 274 1911 papa
297 1830 401 1891 comiti
425 1830 621 1912 Tripolitano
645 1831 781 1892 minatus
803 1831 851 1910 sit,
875 1831 928 1891 sed
952 1829 1046 1907 dolet,
1068 1831 1154 1910 quod
1179 1830 1262 1891 idem
1286 1829 1500 1891 Antiochenus

195 1918 294 2000 pretio
311 1934 341 1980 et
357 1919 499 2000 precibus
515 1920 663 1981 attrahere
679 1921 808 1982 studeat.
834 1921 931 1982 Porro
948 1920 1078 1996 nuntiat,
1090 1940 1122 1980 se
1133 1939 1240 1980 mense
1250 1919 1321 1980 Julii
1333 1918 1499 1980 exercitum

194 2026 290 2069 suum
300 2009 523 2071 coadunavisse
534 2010 696 2070 barbaricis
708 2009 884 2071 nationibus
895 2009 1048 2071 discordia
1065 2009 1144 2070 inter
1159 2030 1190 2070 se
1207 2007 1367 2087 disjunctis
1383 2006 1500 2069 bellum

194 2096 354 2159 illaturum
365 2113 395 2159 et
405 2098 679 2180 fratribusTempli
691 2100 729 2160 de
740 2099 989 2181 possessionibus
1000 2098 1085 2178 regni
1096 2100 1184 2160 XXV
1192 2098 1287 2159 millia
1297 2096 1500 2159 bisantiorum

196 2186 326 2266 misisse,
350 2203 384 2248 ut
406 2204 630 2267 succurrerent,
654 2209 771 2269 eosque
795 2188 932 2249 adfines
957 2188 1139 2249 Antiochiae
1159 2189 1289 2267 venisse,
1313 2188 1418 2268 ibique
1434 2205 1509 2256 ma-¹

194 2275 325 2356 gistrum
342 2275 502 2358 epistolam
519 2297 615 2358 papae
632 2277 909 2358 praesentavisse,⁴)
925 2297 987 2357 qua
1004 2297 1054 2338 rex
1071 2278 1300 2357 admoneretur,
1319 2292 1352 2339 ut
1368 2291 1500 2338 castrum

195 2364 314 2427 Gaston
325 2366 474 2427 redderet.
492 2366 596 2446 ltaque
606 2387 638 2427 se
650 2368 831 2449 magistrum
841 2366 965 2449 Templi
977 2367 1139 2447 rogavisse,
1157 2383 1191 2429 ut
1207 2367 1272 2449 ipse
1288 2383 1317 2429 et
1333 2365 1501 2449 patriarcha

196 2454 413 2517 Antiochenus
444 2456 572 2517 nuntios
603 2457 641 2517 ad
673 2457 786 2518 Sedem
819 2456 1030 2538 Apostolicam
1064 2457 1227 2532 mitterent,
1259 2457 1332 2537 quia
1364 2476 1415 2516 rex
1447 2475 1501 2536 per

196 2562 308 2606 manus
334 2565 430 2627 papae
455 2546 573 2607 dictum
598 2562 728 2607 castrum
756 2547 931 2627 eodemque
958 2546 990 2607 in
1016 2545 1139 2607 castello
1165 2545 1329 2627 Rupinum
1354 2561 1499 2627 nepotem

196 2632 400 2695 nutriendum
418 2651 447 2695 et
462 2635 704 2697 custodiendum
722 2636 849 2696 reddere
859 2635 949 2696 vellet
965 2651 1003 2713 et,
1022 2651 1055 2696 ut
1070 2636 1172 2696 eidem
1188 2636 1227 2696 ad
1237 2635 1424 2716 acquirenda
1436 2632 1501 2711 jura

196 2720 385 2802 adjuvarent,
403 2723 567 2804 pollicitus,
588 2745 619 2785 se
637 2725 737 2786 donec
754 2725 856 2786 nuntii
874 2724 1008 2785 Romam
1025 2723 1149 2786 ivissent
1166 2741 1195 2785 et
1210 2725 1383 2803 rediissent,
1400 2743 1500 2803 quan·

195 2811 409 2873 tumvalerent
419 2813 557 2875 redditus
569 2813 823 2895 pertinentiarum
841 2813 964 2891 castelli,
983 2814 1014 2874 in
1031 2833 1161 2895 corpore
1177 2829 1273 2874 terrae
1289 2813 1398 2893 regalis
1415 2812 1500 2872 resti-

196 2915 281 2962 tuere
307 2900 394 2963 velle.
426 2904 565 2963 Praetera
588 2922 708 2983 regem,
734 2924 766 2964 se
790 2903 894 2963 fratres
916 2903 954 2963 ad
980 2903 1205 2983 acquirendum
1232 2903 1316 2964 aliud
1342 2900 1500 2963 castellum

196 2989 373 3071 Trapesach
390 2991 433 3052 eis
450 2992 607 3072 pertinens
624 3011 696 3053 cum
714 2993 862 3053 omnibus
883 2992 999 3053 viribus
1021 2990 1200 3069 adjuturum
1226 2991 1400 3073 pollicitum
1424 3011 1500 3067 esse,

198 3078 302 3140 lratres
318 3100 392 3142 vero
410 3081 470 3141 hoc
487 3081 584 3142 facere
601 3082 824 3162 contempsisse
841 3096 870 3141 et
886 3098 996 3142 terram
1014 3081 1184 3161 reliquisse,
1201 3081 1344 3162 quamvis
1367 3096 1501 3160 rogatos,

198 3183 231 3230 ut
246 3187 352 3249 regem
369 3168 559 3249 adjuvarent,
576 3171 630 3251 qui
647 3186 752 3232 tamen
769 3170 851 3232 bello
868 3170 957 3231 linito
972 3186 1083 3231 terram
1095 3169 1230 3231 illaesam
1240 3189 1330 3231 suam
1341 3169 1500 3232 invenerit.

198 3256 341 3338 Denique
364 3260 493 3320 latorem
517 3259 703 3322 Garnerium
721 3260 933 3322 Teutonicum
945 3260 968 3337 5)
992 3261 1251 3321 recommendans
1274 3275 1372 3339 rogat,
1396 3258 1502 3320 necui

197 3345 230 3407 in
246 3346 351 3428 ipsum
368 3348 416 3409 vel
433 3349 529 3430 ipsius
546 3365 657 3409 terram
674 3349 856 3411 sententiam
874 3349 1206 3411 excommunicationis
1216 3350 1264 3410 vel
1281 3350 1369 3410 aliam
1389 3348 1447 3410 nisi
1464 3349 1502 3409 de

198 3437 344 3497 mandato
361 3437 449 3499 Sedis
466 3438 662 3519 Apostolicae
678 3438 801 3521 speciali
819 3438 956 3520 proferre
972 3438 1061 3499 liceat
1071 3439 1094 3517 ὃ)
1111 3438 1243 3518 (Baluze,
1261 3439 1279 3499 l.
1299 3458 1324 3500 c.
1342 3439 1363 3517 l,
1381 3459 1411 3520 p.
1430 3439 1504 3518 634,

199 3524 257 3586 Nn.
275 3526 339 3606 42).
1433 3525 1503 3586 785

246 3696 252 3707 ·
273 3629 294 3695 ¹)
308 3625 352 3681 Cf.
366 3644 452 3698 supra
467 3628 521 3683 No.
532 3628 594 3709 756,
608 3641 667 3683 not.
679 3646 704 3700 3.
766 3630 788 3709 ξ)
801 3627 876 3709 Male
887 3628 1023 3700 scriptum
1034 3643 1103 3699 pro:
1117 3627 1288 3694 Corradino,
1298 3626 1356 3683 filio
1367 3627 1452 3709 Mallilt
1463 3628 1503 3681 al-

198 3697 272 3764 Adrl,
285 3697 409 3753 soldano
423 3699 564 3754 [lamasci.
675 3704 698 3766 ³)
718 3701 774 3768 Qut
789 3701 944 3767 obiera125
961 3700 1066 3755 Octob.
1086 3717 1155 3755 1200
1174 3699 1415 3769 (Bbhmer-thl,
1435 3699 1503 3770 Reg.

198 3769 274 3824 arch.
286 3770 429 3839 Mogunt,
442 3787 469 3841 p.
483 3788 629 3843 119—120,
643 3771 697 3825 Νο.
710 3772 783 3842 428).
858 3773 879 3841 4)
894 3763 938 3826 Cf.
953 3789 1037 3842 supra
1052 3772 1107 3826 Nn.
1121 3773 1181 3844 765.
1256 3774 1277 3840 ὕ)
1291 3770 1383 3825 Alias:
1397 3772 1430 3824 G.
1437 3770 1504 3824 Ale--

199 3858 338 3896 mannum
351 3855 497 3897 vocatum.
572 3845 596 3910 ⁶)
610 3843 698 3910 Quod
713 3842 896 3898 Innocentius
909 3843 942 3897 lll
955 3842 1047 3898 Leoni
1066 3861 1073 3896 ι
1091 3844 1154 3898 lun.
1173 3860 1237 3898 1202
1253 3842 1395 3898 concessit
1408 3843 1504 3909 (l'ott-

198 3911 272 3984 hast,
286 3912 340 3967 No.
359 3913 445 3985 1089).

288 4060 308 4092 „
354 4016 429 4077 Dec.
453 4049 497 4059 -
520 4017 585 4077 Leo
605 4017 640 4095 ll,
664 4036 716 4078 rex
739 4017 917 4096 Armeniae,
926 4018 945 4094 1)
970 4018 1148 4079 Venetianis
1172 4038 1227 4100 per
1249 4037 1378 4080 manum
1401 4016 1505 4079 Jacobi

198 4104 350 4185 Badoarii,
366 4104 419 4166 filii
443 4106 594 4167 lobannis
617 4107 758 4168 badoarii
783 4106 897 4185 militis,
924 4106 1031 4168 nuncii
1055 4108 1153 4187 ducis,
1178 4108 1210 4169 in
1233 4124 1298 4170 toto
1323 4126 1421 4187 regno
1446 4126 1505 4168 suo

198 4194 391 4256 securitatem
409 4215 443 4255 ac
459 4193 591 4256 liberum
603 4196 826 4257 commercium
839 4215 964 4257 necnon
974 4197 1149 4259 Mamistrae
1161 4197 1331 4276 ecclesiam,
1342 4196 1505 4258 fundicum

199 4299 229 4345 et
244 4283 351 4346 locum
375 4285 414 4345 ad
437 4285 570 4345 domum
593 4284 816 4346 aedificandam
840 4286 982 4347 concedit
1005 4304 1034 4348 et
1056 4285 1158 4366 sigillo
1181 4286 1353 4348 confirmat.
1379 4286 1506 4347 Factum

199 4392 255 4457 per
270 4392 401 4435 manum
416 4374 576 4452 lobannis,
600 4374 822 4456 archiepiscopi
845 4374 987 4453 Sisensis,
1013 4376 1100 4456 regni
1122 4375 1304 4438 cancellarii.
1321 4409 1364 4420 —
1381 4375 1506 4438 Gabriel

200 4462 350 4525 Paulinus
366 4478 421 4524 etc.
440 4477 474 4525 ut
490 4483 583 4544 supra
599 4464 659 4525 No.
679 4466 740 4526 282
759 4463 1015 4542 (Tafel-Thomas
1032 4465 1054 4541 l,
1072 4485 1100 4546 p.
1120 4466 1302 4546 381—385,
1319 4466 1380 4526 No.
1399 4485 1441 4545 94
1459 4463 1505 4544 [cf.

199 4571 230 4633 p.
245 4549 447 4632 373—381];
473 4553 629 4632 langlois,
647 4574 677 4635 p.
701 4574 820 4632 top—r
835 4573 881 4631 12,
899 4554 960 4615 No.
980 4571 1014 4626 2;
1040 4555 1131 4615 Arch.
1149 4554 1262 4616 storico
1279 4555 1350 4631 ital,
1367 4575 1438 4636 app.
1456 4554 1506 4630 lX,

206 4642 299 4722 1853,
317 4661 346 4723 p.
367 4642 424 4722 361
437 4676 480 4684 -
492 4643 570 4722 3643
603 4643 640 4704 cf.
659 4643 806 4704 Archives
823 4643 852 4703 d.
873 4643 957 4703 miss.
973 4643 1102 4705 scientis.
1121 4644 1154 4717 ll,
1175 4663 1205 4725 p.
1225 4645 1304 4724 36&
1339 4645 1439 4705 Marin
1456 4643 1506 4718 lV,

200 4750 230 4812 p.
248 4750 325 4811 1553
343 4730 434 4811 Heyd
451 4731 472 4807 I,
491 4751 613 4812 p3713
633 4732 808 4807 llulaurier,
826 4732 1019 4793 Recherches
1036 4733 1057 4808 l,
1075 4753 1103 4814 p.
1122 4729 1277 4817 124).ll1n
1295 4733 1373 4795 Hist.
1391 4734 1508 4794 ducum

202 4844 416 4856 —n—-——

278 4888 298 4953 ¹)
318 4885 384 4940 h'on
398 4898 429 4940 ut
442 4897 524 4940 antea
541 4885 611 4942 «Dei
625 4899 653 4941 et
666 4886 788 4942 Romani
802 4886 914 4958 Imperii
927 4886 1034 4959 gratia»
1050 4903 1147 4959 regern
1161 4899 1296 4944 sevocat.

253 4992 420 5044 Robricht,
441 4991 547 5047 Regesta
1299 5013 1331 5066 ¹4
