3398 5400
667 357 747 429 regni
761 356 1022 431 Hierosolymitani.
1433 383 1494 444 337

192 602 321 646 cesserat
337 585 369 646 in
385 586 541 646 cambium
559 602 673 667 portae,
691 604 771 666 quae
795 600 864 666 post
880 587 1012 647 domum
1030 585 1199 667 Hospitalis
1215 585 1375 667 Tyriensis
1390 605 1496 646 versus

193 674 355 735 meridiem
371 674 427 736 sita
443 691 472 737 et
487 695 594 737 versus
611 694 694 736 mare
710 691 819 755 patens
829 674 916 736 dictis
927 675 1068 736 fratribus
1079 677 1116 735 ab
1127 674 1283 736 Amalrico
1294 675 1462 756 (Haymeri)
1473 675 1496 736 ΙΙ

193 784 264 845 rege
281 779 311 825 et
326 763 452 826 Isabella
468 764 606 841 (Isabiau)
623 764 729 844 regina
746 765 814 825 data
831 765 938 826 fuerat.
971 765 1092 826 Deinde
1116 764 1268 847 Hospitali
1292 764 1398 826 omnia
1415 766 1497 825 bona

192 853 364 931 confirmat,
385 874 466 935 quae
483 855 514 915 in
532 854 685 916 territorio
704 854 832 914 civitatis
851 854 927 935 Tyri
945 854 1090 935 possidet,
1109 854 1213 934 itaque
1233 853 1342 914 casalia
1362 853 1497 934 Migedel

193 962 266 1004 curn
282 944 401 1022 gastina
410 944 545 1026 Theyre,
562 945 590 1004 Ia
601 944 668 1005 Tor
683 963 756 1004 cum
767 942 969 1024 pertinentiis,
981 943 1173 1021 molendina,
1191 943 1214 1004 ΙΙ
1231 943 1339 1004 hortos
1350 942 1498 1024 (quorum

194 1051 277 1093 unus
308 1051 424 1112 magno
454 1034 576 1094 domini
606 1034 698 1095 horto
720 1032 840 1093 vicinus
863 1049 989 1094 vocatur
1019 1032 1048 1094 la
1080 1033 1257 1113 Massoque,
1283 1034 1357 1094 alter
1388 1033 1498 1093 hortus

193 1141 326 1202 magnus
352 1121 509 1200 interjacet
534 1123 671 1199 hortum,
695 1141 791 1202 quem
816 1122 965 1183 dominus
988 1122 1087 1184 Falco
1111 1122 1274 1202 (Foulque)
1298 1123 1336 1182 de
1358 1122 1498 1183 Cabana

193 1211 322 1272 domitta
338 1212 377 1272 de
393 1210 422 1271 la
439 1211 585 1293 baquerie
602 1212 686 1291 emit,
697 1227 727 1273 et
737 1214 865 1273 hortum
876 1212 997 1272 domini
1007 1211 1168 1274 Guillelmi
1178 1212 1305 1272 Jordain
1315 1210 1498 1290 burgensis),

194 1300 321 1381 insuper
337 1300 449 1381 petiam
466 1315 642 1362 tertaeante
653 1320 803 1382 magnum
815 1300 936 1363 domini
947 1302 1074 1363 hortum
1085 1302 1284 1363 iuterterram
1301 1300 1331 1363 S.
1344 1300 1498 1363 Leonardi

195 1389 358 1470 (Lyenart),
376 1410 456 1470 quae
472 1405 600 1452 vocatur
615 1390 643 1451 la
660 1391 818 1470 Mosserie,
835 1408 863 1451 et
879 1391 995 1468 locum,
1007 1390 1060 1471 qui
1071 1391 1183 1452 dicitur
1193 1390 1387 1467 Raissemon,
1398 1390 1498 1467 sitam,

193 1477 295 1558 aliam,
306 1499 386 1559 quae
403 1482 461 1541 sub
478 1495 555 1541 terra
573 1480 603 1541 S.
616 1479 704 1541 Pauli
719 1479 796 1558 jacet
812 1481 939 1541 hortum
956 1480 1078 1541 domini
1094 1479 1220 1542 Sidonis
1236 1480 1397 1559 attingens,
1409 1478 1500 1540 aliam

193 1568 291 1629 vineis
317 1569 493 1649 plantatam,
518 1589 599 1650 quae
624 1584 701 1629 terra
727 1569 811 1631 lacus
836 1570 956 1647 dicitur,
981 1589 1054 1631 cum
1076 1571 1155 1649 lacu,
1179 1584 1275 1631 terrae
1294 1569 1437 1631 Thomae
1461 1569 1500 1629 de

195 1657 320 1736 Fignon
336 1674 365 1718 et
381 1659 614 1739 templariorum
626 1657 770 1735 vicinam,
788 1657 879 1719 aliam
895 1659 992 1720 dictae
1009 1676 1104 1721 terrae
1120 1659 1206 1720 lacus
1222 1674 1252 1719 et
1267 1659 1342 1738 viae,
1359 1677 1438 1739 quae
1455 1672 1500 1719 est

194 1747 227 1807 in
244 1747 358 1824 medlo,
383 1764 461 1809 terra
476 1748 751 1809 Theutonicorum
773 1749 810 1809 de
827 1748 919 1809 altera
943 1764 1027 1830 parte
1051 1748 1150 1830 posita
1173 1747 1374 1826 adjacentem,
1397 1746 1499 1825 aliam,

194 1855 274 1916 quae
291 1836 409 1916 attingit
425 1837 551 1899 hortum
569 1838 607 1898 de
624 1838 652 1898 la
669 1837 815 1917 baquerie
832 1852 860 1898 et
877 1851 987 1898 terram
1006 1838 1102 1919 ipsius
1119 1838 1248 1916 domini,
1259 1837 1313 1899 ubi
1324 1837 1502 1918 plantantur

194 1945 311 1987 cannae
336 1926 465 2004 sachari,
491 1926 624 2005 vineam,
651 1945 731 2006 quae
755 1942 883 1988 vocatur
906 1927 944 1988 de
968 1929 1175 2007 barbaquaue‚
1199 1927 1306 1988 vineae
1322 1925 1447 2006 Templi
1471 1941 1501 1986 et

195 2015 310 2076 fossato
321 2015 405 2076 urbis
415 2016 559 2093 vicinam,
570 2015 660 2077 aliam
677 2030 787 2077 terram
799 2035 905 2077 versus
922 2016 1084 2078 meridiem
1100 2033 1170 2098 post
1185 2017 1293 2077 hortos
1309 2017 1346 2077 de
1363 2015 1390 2076 la
1407 2014 1500 2076 Hasie

195 2104 293 2166 sitam.
319 2106 477 2166 Praeterea
488 2106 630 2166 fratribus
641 2105 810 2186 Hospitalis
826 2104 977 2184 concedit,
993 2122 1026 2168 ut
1042 2126 1132 2186 aqua,
1151 2126 1230 2187 quae
1247 2125 1330 2167 mare
1347 2105 1501 2166 Influxura

196 2194 312 2274 campis
328 2195 445 2255 sachari
462 2194 582 2256 domini
600 2194 757 2273 egreditur
779 2194 859 2256 iuter
881 2194 910 2256 la
929 2196 1097 2276 Massoque
1113 2211 1142 2257 et
1158 2213 1269 2256 terram
1286 2194 1501 2274 religiosarum

194 2283 226 2345 S.
245 2283 359 2344 Mariae
383 2284 421 2344 de
437 2283 524 2365 Tyro
549 2301 643 2345 terrae
667 2284 789 2346 domini
811 2283 922 2364 vicina,
946 2306 1025 2366 quae
1049 2284 1160 2346 dicitur
1183 2286 1248 2346 dou
1272 2284 1351 2363 Fier,
1376 2299 1501 2345 utantur

196 2392 299 2454 neque
316 2388 421 2434 tamen
445 2374 596 2434 damnum
620 2373 708 2435 dictis
731 2373 848 2454 campis
871 2374 988 2435 sachari
1009 2389 1039 2436 et
1055 2374 1146 2436 horto
1163 2374 1261 2436 Soran
1278 2333 1455 2450 infeientes,
1473 2386 1502 2432 et

195 2461 293 2522 canali
310 2462 441 2541 domini,
458 2463 513 2544 qui
530 2483 547 2524 e
564 2463 703 2525 fontibus
720 2462 749 2525 S.
762 2463 850 2524 Pauli
866 2478 895 2524 et
911 2463 941 2525 S
953 2464 1034 2525 Petri
1051 2463 1247 2545 profluit—
1203 2464 1338 2525 —Jean
1355 2509 1491 2524 ......

196 2552 363 2633 Reymond
380 2552 618 2630 Descandali0n,
635 2552 756 2614 Ansiau
772 2553 839 2634 Cay
849 2600 958 2614 .....
962 2553 1127 2630 ,Thomas
1143 2554 1181 2615 de
1198 2553 1285 2614 Ratel
1287 2557 1447 2633 ,Amaury
1463 2551 1501 2611 de

197 2640 226 2702 S
244 2641 357 2720 Bertin,
374 2641 515 2703 Thomas
532 2644 582 2703 de
587 2642 712 2721 thnon
729 2641 831 2703 vasalli
855 2641 990 2721 (Paolil,
1012 2661 1042 2724 p.
1066 2644 1176 2705 168—
1190 2663 1259 2721 170,
1276 2642 1337 2703 No
1361 2658 1478 2723 139;c
1462 2639 1500 2701 cf.

196 2749 225 2812 a·
247 2731 441 2811 529-531).
1412 2727 1502 2788 ¹2⁸6

245 2844 335 2907 1260
351 2849 416 2909 Jan.
441 2868 487 2926 ¹9·
505 2847 727 2930 —Philippus
749 2848 885 2908 decanus
909 2864 937 2908 et
961 2848 1131 2930 capitulum
1151 2848 1295 2909 ecclesiae
1311 2846 1503 2908 Acconensis

198 2937 439 2999 conventionem
456 2937 662 3019 supradictam
679 2937 856 3017 (N0.1285l
873 2936 975 3017 sigillo
992 2937 1177 2999 confirmant
1189 2936 1445 3014 (Tafel-Thomas
1455 2934 1502 3013 III,

198 3046 228 3108 p.
248 3028 299 3107 38,
317 3027 377 3088 N0.
398 3026 480 3107 344).
1414 3021 1502 3084 1287

280 3180 299 3211 „
346 3136 433 3196 Mart.
456 3158 481 3215 1,
506 3136 570 3197 iud.
587 3136 635 3197 III.
660 3140 778 3197 Accon.
802 3168 846 3178 -
861 3135 1013 3213 Thomas,
1038 3135 1128 3196 frater
1150 3136 1189 3197 de
1212 3135 1322 3197 ordine
1346 3133 1504 3196 Praedica-

199 3240 313 3303 torum,
331 3225 495 3306 episcopus
511 3225 796 3286 Bethlehemitanus
812 3240 842 3286 et
858 3224 938 3287 SA.
955 3224 1084 3305 legatus,
1102 3225 1250 3287 omnibus
1266 3225 1402 3305 regibus,
1420 3224 1504 3306 prin-

198 3312 318 3394 cipibus
327 3329 383 3375 etc.
393 3315 487 3375 totius
495 3314 720 3376 christianitatis
729 3314 859 3392 nuntiat,
866 3313 1011 3376 Tartaros
1019 3315 1151 3376 Baldaco
1160 3329 1334 3396 expugnata
1342 3313 1505 3396 Halapiam

201 3401 278 3463 infra
287 3403 479 3484 quindenam
489 3405 605 3485 cepisse
614 3402 718 3483 eteius
727 3419 859 3465 castrum
870 3404 976 3485 eisque
986 3405 1134 3466 soldanus
1144 3405 1182 3465 de
1193 3404 1505 3484 Ruispie,Camellae,

199 3492 346 3554 dominos
370 3492 408 3554 de
432 3493 573 3554 Hamhac
597 3509 625 3554 et
649 3499 754 3555 Amon
778 3513 810 3553 se
834 3492 1009 3574 subiecisse,
1033 3494 1201 3556 soldanum
1216 3513 1291 3554 vero
1308 3493 1450 3554 Damasci
1467 3492 1505 3554 ad

199 3582 349 3642 auxilium
358 3583 603 3664 Babyloniorum
615 3583 779 3662 aufugisse,
790 3582 963 3666 principem
972 3583 1156 3645 Antiochiae
1168 3604 1202 3646 ac
1212 3583 1359 3645 comitem
1369 3582 1507 3663 Tripolis

200 3690 311 3733 eorum
335 3671 462 3733 ditionis
483 3692 515 3733 se
533 3672 647 3751 fecisse,
670 3676 829 3734 Acconem
853 3692 926 3734 vero
950 3687 980 3734 et
1001 3673 1123 3755 Tyrum
1148 3692 1221 3736 cum
1244 3673 1348 3734 castris
1370 3671 1506 3752 Templi,

200 3761 368 3842 Hospitalis
384 3781 418 3822 ac
435 3762 562 3823 fratrum
577 3761 852 3824 Theutonicorum
869 3763 971 3824 adhuc
988 3763 1137 3842 resistere,
1161 3764 1215 3825 sed
1239 3764 1272 3825 in
1295 3781 1422 3824 summo
1445 3760 1507 3822 dis-

200 3849 330 3911 crimine
346 3852 469 3929 versari,
494 3851 553 3913 nisi
570 3850 707 3912 celeriter
730 3869 935 3931 succurratur,-
958 3853 1135 3935 praesertim
1152 3873 1253 3933 quum
1270 3853 1414 3935 princeps
1429 3851 1507 3912 Tar-

199 3955 339 4002 tarorum
355 3941 483 4021 epistola
499 3940 665 4001 blasfemiis
676 3941 768 4021 plena
779 3940 949 4002 christianis
960 3941 1118 4003 interitum
1130 3943 1266 4004 minatus
1278 3941 1367 4003 luerit
1377 3940 1506 4017 (Chron.

201 4030 366 4091 Menconis
383 4030 416 4090 in
433 4031 521 4092 Mon.
539 4029 644 4092 Germ.
663 4029 717 4092 SS.
734 4030 841 4109 XXIII,
859 4050 888 4111 p.
910 4051 1100 4111 547-5493
1126 4032 1163 4094 cf.
1182 4031 1343 4111 Rohricht,
1360 4029 1509 4091 Archives

200 4118 239 4180 de
256 4119 389 4181 I'Orient
404 4119 478 4181 latio
495 4120 516 4198 I,
535 4139 564 4202 p.
583 4121 664 4200 6353
689 4119 769 4180 Hist.
787 4120 843 4182 litt.
861 4121 899 4181 de
915 4122 943 4182 la
960 4121 1077 4183 France
1093 4122 1173 4201 XXI,
1191 4141 1221 4204 p.
1239 4121 1322 4198 727).
1418 4116 1508 4177 ¹288

238 4234 250 4312 (
288 4280 307 4312 „
355 4235 443 4295 Mart.
468 4256 492 4313 r,
517 4235 582 4297 ind.
600 4236 647 4297 III.
672 4235 804 4313 Accon).
822 4236 966 4297 —Idem
989 4237 1182 4318 praepositos
1198 4253 1227 4298 et
1243 4252 1376 4298 rectores
1396 4235 1509 4296 Frisiae

202 4338 320 4402 monet,
339 4340 372 4385 ut
389 4324 534 4386 mulieres
550 4346 621 4386 suas
642 4325 721 4387 ultra
745 4346 828 4387 mare
852 4325 1098 4408 peregrinaturus
1120 4342 1246 4407 propter
1269 4325 1351 4386 varia
1373 4325 1510 4406 pericula

202 4413 353 4475 retiaeant
369 4412 499 4489 (Chron.
518 4414 682 4477 Menconis
698 4415 731 4476 in
749 4417 837 4477 Mon.
849 4415 955 4477 Germ.
968 4415 1021 4478 SS.
1033 4415 1139 4494 XXIII,
1158 4435 1187 4496 p.
1203 4434 1281 4496 549;
1303 4413 1341 4476 cf.
1361 4413 1510 4475 Rohricht

203 4502 236 4563 in
252 4523 280 4564 v.
298 4504 444 4581 Raumer,
462 4503 541 4565 Hist.
558 4503 734 4566 Taschenb.
753 4507 844 4586 1875,
862 4525 892 4587 p.
913 4506 986 4586 328,
1006 4507 1191 4586 380-381,
1208 4505 1282 4566 Not.
1305 4506 1384 4585 131).
1421 4499 1511 4562 1289

240 4618 251 4696 (
289 4663 309 4697 „
356 4619 445 4679 Mart.
464 4620 510 4680 16.
536 4619 666 4698 Accon).
683 4653 728 4663 —
742 4620 899 4702 Epistolae
915 4621 1053 4700 magistri
1068 4620 1194 4701 Templi
1211 4618 1510 4696 (ThomaeBerardi)

201 4708 342 4770 Henrico
352 4706 390 4769 ΙΙΙ
392 4708 475 4788 ,regi
487 4708 627 4789 Angliae,
645 4726 674 4771 et
691 4729 806 4791 magno
824 4710 1014 4793 praeceptori
1024 4710 1151 4792 Templi
1168 4709 1200 4770 in
1217 4709 1330 4789 Anglia
1346 4708 1483 4790 scriptae,
1492 4708 1511 4786 ¹)

272 4848 299 4929 ¹)
301 4843 518 4972 'eTemBlarius
532 4844 651 4927 quidam
665 4860 734 4902 tunc
748 4860 806 4902 tem
777 4846 886 4904 moris
900 4848 937 4904 de
947 4848 1037 4904 Terra
1050 4847 1157 4906 Sancta
1171 4858 1360 4919 properanter
1373 4845 1512 4901 accedens

203 4915 233 4973 iu
253 4913 399 4989 vigilias.
440 4916 551 4990 otulphr
574 4921 597 4987 (t
591 4919 621 4974 16
641 4920 717 4988 Jun.)
737 4918 830 4975 Lon
833 4936 904 4975 num
924 4919 1040 5031 advenit
1061 4918 1193 4977 deferens
1214 4917 1399 4991 quamplures
1418 4916 1511 4973 literas

258 5022 425 5088 Rohrichr,
445 5023 552 5082 Regestn.
1300 5042 1333 5081 22
