3398 5400
313 523 483 585 Rochefott
498 543 571 585 cum
587 524 715 603 abbatia,
732 525 858 604 Cavam,
875 525 1056 605 Levoniam,
1073 527 1158 603 Tala,
1175 526 1326 605 Bnchlela,
1342 525 1476 606 Gaigon,
1493 525 1618 588 Glorie-

312 629 375 674 tam
392 633 464 674 cum
483 614 576 692 fonte,
592 615 647 694 qui
663 615 797 694 adaquat
812 615 929 694 hortos,
954 616 1051 676 casale
1075 615 1106 676 S.
1124 615 1224 695 Egidii
1242 634 1315 677 cum
1331 632 1440 676 totone
1457 615 1495 676 de
1512 615 1619 693 Belda,

312 702 509 763 medietatem
528 703 644 782 Rogiae
661 720 690 764 et
706 703 795 763 aliam
813 704 1018 783 medietatem,
1040 704 1227 785 simulatque
1244 724 1311 764 eam
1329 725 1346 765 a
1364 704 1517 766 Reinaldo
1534 705 1619 766 Mas-

313 792 398 854 verio
410 790 540 872 ejusque
551 792 717 854 heredibus
727 792 898 853 liberaverit
908 809 938 854 et
952 795 1142 874 aquitaverit,
1153 794 1307 871 Arcicant,
1321 794 1466 874 Farmith,
1478 794 1620 855 Femiam

312 900 385 942 cum
408 880 488 959 lacu,
514 882 615 961 Logis,
639 882 800 942 Bochabes
823 901 895 943 cum
912 882 1002 943 casali
1019 884 1056 943 de
1075 882 1170 944 Pailes
1187 882 1322 964 aliasque
1340 883 1573 945 dominationes
1589 898 1619 944 et

312 970 498 1050 liggiancias,
515 990 593 1051 quas
609 971 633 1031 F
636 971 714 1031 emia
739 972 830 1031 habet
846 972 878 1032 in
895 972 992 1054 Syria,
1017 973 1241 1053 Berssaphut,¹)
1264 973 1424 1034 castellum
1441 974 1478 1034 de
1495 973 1619 1033 Lacoba

312 1078 341 1121 et
356 1060 533 1122 Totomata.
558 1061 715 1121 Praeterea
731 1060 903 1141 pollicetur,
921 1081 1024 1141 neque
1040 1081 1072 1122 se
1089 1081 1191 1142 neque
1208 1062 1353 1123 homiues
1368 1081 1443 1123 suos
1454 1061 1542 1123 dictis
1559 1061 1619 1122 fra-

312 1150 409 1210 tribus
425 1149 528 1210 invitis
545 1169 616 1210 cum
634 1150 807 1211 Sarracenis
830 1169 937 1231 pacem
954 1151 1088 1212 facturos
1104 1171 1186 1227 esse;
1212 1151 1299 1231 quod
1316 1152 1340 1212 si
1359 1152 1436 1213 forte
1453 1151 1548 1229 lieret,
1566 1152 1618 1212 iis-

312 1240 384 1300 dem
400 1254 521 1319 treugas
537 1254 641 1300 tenere
658 1238 706 1299 vel
723 1258 833 1320 rupere
848 1240 950 1300 licere.
968 1241 1097 1320 Insuper
1108 1241 1260 1319 fratribus,
1272 1257 1524 1321 utquaecunque
1535 1241 1619 1301 bello

312 1329 457 1409 ceperim,
475 1329 624 1389 retineant
641 1348 713 1389 cum
731 1329 856 1389 nemine
873 1329 1048 1410 partientes,
1065 1331 1206 1390 concedit
1223 1346 1251 1390 et
1268 1330 1498 1391 immunitatem
1516 1330 1617 1391 aRai-

313 1419 434 1478 mundo
459 1418 598 1499 principe
624 1416 683 1496 jam
710 1437 888 1479 concessam
915 1418 1086 1479 coufirmat.
1112 1452 1156 1462 —
1182 1418 1335 1498 Silvester,
1362 1420 1618 1498 consanguineus

312 1507 469 1588 principis,
494 1507 665 1569 Rainaldus
688 1509 820 1586 Masoer,
845 1507 999 1568 Robertus
1016 1508 1146 1587 Mansel,
1165 1508 1339 1587 Rotbertus,
1356 1509 1505 1570 Gaufredi
1523 1507 1617 1587 lilius,

312 1597 502 1675 Bonabulus,
512 1597 687 1675 Roggerius
697 1598 735 1657 de
747 1596 934 1675 Surdavalle,
949 1597 1164 1676 Eschivardus,
1177 1598 1282 1659 Petrus
1293 1599 1490 1677 camerarius,
1500 1598 1617 1658 Johan-

312 1705 366 1746 ues
383 1686 421 1747 de
438 1686 600 1766 Salquino,
624 1686 802 1748 Gaufredus
825 1687 998 1764 Falsardus,
1023 1688 1086 1747 dux
1102 1687 1298 1764 Antiochiae,
1320 1686 1410 1748 frater
1426 1685 1493 1766 ejus
1509 1686 1617 1748 Guido

313 1775 484 1853 Falsardus,
503 1777 644 1854 Paganus
655 1776 693 1836 de
704 1776 873 1852 Castellud,
884 1775 1067 1837 castellanus
1078 1776 1271 1854 Antiochiae,
1282 1776 1436 1838 Radullus
1446 1779 1486 1837 de
1497 1776 1616 1853 Furn0,

311 1864 465 1925 Radulfus
481 1866 519 1924 de
537 1865 639 1944 Neun,
656 1864 835 1926 Willelmus
851 1867 889 1926 de
899 1865 985 1925 Tirel
1002 1866 1211 1925 mauescalcus
1223 1866 1294 1943 (sic),
1311 1865 1401 1927 irater
1417 1864 1485 1944 ejus
1495 1865 1617 1944 Simon,

311 1954 418 2015 Petrus
441 1953 479 2014 de
503 1954 599 2014 Mella
620 1954 804 2033 vicecomes,
830 1955 976 2016 Tetricus
1001 1956 1039 2015 de
1064 1955 1193 2031 Tornai,
1219 1955 1372 2016 Boniuus.
1407 1955 1536 2016 Facmm
1563 1973 1617 2036 per

311 2061 440 2103 manum
451 2043 600 2104 Bernardi
616 2044 786 2104 cancellarii
796 2062 882 2104 anno
892 2043 1083 2124 principatus
1094 2043 1135 2106 lV
1146 2043 1240 2120 (Pauli
1252 2045 1273 2123 l,
1285 2065 1314 2125 p.
1326 2064 1469 2125 43—44,
1482 2045 1543 2106 No.
1555 2063 1596 2123 43
1607 2062 1615 2120 ;

310 2133 347 2193 cf.
365 2152 396 2213 p.
413 2134 500 2211 498).
1546 2131 1617 2192 428

386 2237 406 2302 ¹)
426 2235 535 2305 Legas:
548 2231 697 2287 Bassarfut
710 2232 866 2303 (llbhricht,
878 2232 1012 2305 Beitrtlge
1025 2233 1044 2304 l,
1058 2250 1084 2304 p.
1099 2236 1171 2306 340).

360 2325 448 2388 1167
467 2329 554 2391 Febr.
572 2329 618 2389 16.
634 2361 679 2370 -
695 2328 813 2407 Petrus,
831 2329 1008 2389 monasterii
1025 2329 1055 2389 S.
1068 2327 1154 2388 Pauli
1170 2328 1357 2390 Antiocheni
1373 2331 1476 2407 abbas,
1494 2345 1524 2390 et
1540 2329 1615 2408 Len,

311 2418 450 2498 ejusdem
474 2418 567 2498 prior,
592 2418 742 2498 Hospitali
766 2419 861 2478 casale
885 2418 1007 2479 Avotha
1031 2419 1062 2478 in
1087 2418 1239 2478 territorio
1263 2418 1446 2480 Laodicensi
1469 2420 1565 2480 situm
1582 2438 1617 2480 ea

311 2508 490 2569 conditione
501 2507 602 2588 sigillo
612 2508 797 2585 concedunt,
811 2523 853 2585 ut,
864 2507 889 2566 si
901 2508 986 2569 Deus
996 2507 1138 2587 Alapiam
1149 2507 1357 2569 christianitati
1373 2508 1501 2588 dederit,
1519 2507 1616 2569 casale

312 2598 482 2658 habitatum
499 2612 527 2657 et
544 2597 673 2674 cultum,
690 2596 781 2657 salvis
797 2598 929 2678 propriis
945 2597 1078 2657 carrucis
1094 2598 1208 2656 domus
1225 2597 1393 2678 Hospitalis
1409 2598 1476 2658 sine
1493 2596 1615 2676 objectu

310 2688 348 2748 ad
365 2701 555 2748 conventum
572 2687 676 2746 redeat
692 2687 789 2764 (Paoli
807 2687 827 2765 l,
845 2706 874 2767 p.
891 2706 1034 2766 42-43,
1052 2686 1111 2746 No.
1128 2685 1192 2764 42).
1546 2685 1616 2746 429

393 2839 412 2870 „
459 2795 560 2872 Mart,
576 2793 640 2854 iud.
653 2794 720 2872 XV,
738 2808 834 2875 epact.
845 2795 979 2855 XXVlll.
996 2828 1039 2837 -
1057 2794 1261 2871 Almalricus),
1280 2793 1449 2874 patriarcha
1466 2793 1617 2856 Hieroso-

310 2883 487 2966 lymitanus,
500 2883 604 2943 fratres
615 2882 783 2965 Hospitalis
803 2884 916 2945 domos
933 2885 1093 2963 quasdam,
1111 2902 1190 2963 quae
1207 2883 1239 2943 in
1257 2883 1412 2962 quarterio
1428 2884 1616 2964 patriarchae

310 2993 403 3053 supra
419 2973 522 3032 lacum
537 2972 727 3034 Balneorum
743 2972 817 3033 sitae
833 2989 915 3051 sunt,
931 2975 970 3033 de
987 2974 1125 3034 Hoberto
1141 2972 1265 3033 Medico
1282 2972 1403 3052 emisse,
1421 2972 1524 3053 sigillo
1540 2992 1616 3034 con-

310 3062 419 3123 firmat.
439 3095 480 3104 —
498 3061 625 3121 Factum
642 3077 686 3122 est
702 3077 843 3142 tempore
854 3061 998 3139 Girberti,
1016 3061 1151 3141 magistri
1169 3062 1348 3142 Hospitalis,
1360 3061 1518 3142 Guigonis
1528 3082 1616 3143 prae·

311 3151 543 3232 ceptoris,Casti
551 3151 742 3231 thesaurarii,
751 3151 931 3230 Raimundi‚
941 3151 1371 3232 marescalciTyberiadeusis,
1380 3150 1617 3229 Pioti,custodis

311 3239 525 3316 intirmorum
558 3240 595 3301 de
621 3241 754 3301 clericis:
781 3240 952 3301 Raiualdus
978 3242 1015 3301 de
1042 3241 1214 3322 Cappellis,
1245 3240 1413 3301 Rotbertus
1438 3242 1477 3302 de
1503 3240 1617 3302 Lochis

311 3330 478 3406 diaconus;
503 3332 542 3390 de
558 3330 657 3390 laicis:
681 3331 790 3391 Petrus
807 3330 1012 3408 Lombardus,
1035 3329 1205 3391 Gaulridus
1221 3328 1426 3409 Turonensis,
1449 3330 1617 3391 Rotbertus

311 3420 348 3480 de
359 3418 521 3498 Piquegni,
532 3418 710 3480 Willelmus
722 3420 936 3498 Normannus,
949 3418 1127 3480 Willelmus
1137 3419 1263 3497 Ebraut,
1275 3420 1381 3480 Petrus
1398 3420 1436 3479 de
1453 3419 1483 3480 S.
1493 3420 1617 3499 Jacob0,

310 3508 672 3587 LambertusCambitor,
689 3509 858 3588 Pelerinus,
868 3509 976 3570 Petrus
992 3510 1030 3569 de
1048 3509 1078 3570 S.
1089 3508 1213 3586 Lazaro,
1230 3508 1337 3569 Petrus
1348 3509 1489 3588 Porchet,
1500 3508 1616 3569 Johan-

310 3617 365 3658 nes
375 3598 582 3658 Turonensis.
601 3598 715 3659 Datum
731 3617 786 3680 per
802 3618 932 3659 manum
943 3597 1088 3659 Amalrici
1105 3598 1277 3658 cancellarii
1294 3597 1451 3674 (Delaville
1462 3598 1490 3658 le
1501 3597 1616 3676 Roulx,

310 3706 339 3768 p.
362 3689 541 3767 107-108,
557 3687 618 3748 Νο.
640 3707 677 3768 25
698 3685 746 3766 [cl.
764 3708 793 3768 p.
818 3686 883 3767 17];
916 3689 1017 3768 Prutz,
1035 3708 1064 3769 p.
1089 3707 1267 3768 103—104,
1290 3688 1350 3748 Νο.
1370 3687 1431 3766 ab).
1457 3687 1506 3748 Cf.
1524 3706 1617 3769 supra

309 3776 370 3838 No.
393 3796 462 3842 170.
1546 3774 1617 3835 430

391 3920 409 3951 „
457 3876 558 3954 Mart,
583 3875 647 3937 ind.
665 3876 731 3955 XV,
754 3891 850 3957 epact.
869 3875 1002 3936 XXVlll.
1020 3909 1061 3918 -
1078 3874 1260 3954 Amalricus,
1280 3875 1450 3956 patriarcha
1466 3874 1617 3936 Hieroso-

310 3964 488 4046 lymitauus,
512 3984 669 4027 consensu
686 3965 776 4045 Petri,
799 3965 829 4026 S.
848 3963 1011 4046 Sepulchri
1034 3964 1153 4046 prioris,
1179 3965 1289 4025 domui
1313 3964 1482 4044 Hospitalis
1504 3979 1616 4026 terram

310 4052 412 4134 sigillo
435 4055 577 4135 apposito
601 4053 752 4133 concedit,
776 4052 865 4132 cujus
888 4053 966 4115 lines
989 4071 1061 4115 sunt
1078 4056 1115 4114 ab
1133 4054 1250 4115 oriente
1268 4054 1382 4115 domus
1399 4054 1478 4114 Petri
1496 4053 1617 4132 Clerici,

310 4146 347 4204 ab
364 4143 523 4204 occidente
541 4158 570 4204 et
587 4143 734 4224 aquilone
744 4143 905 4224 porcharia
922 4143 1129 4224 patriarchalis
1145 4158 1175 4203 et
1191 4144 1417 4204 monasterium
1427 4143 1617 4204 Graecarum

310 4232 504 4310 monialium,
520 4254 537 4293 a
553 4233 681 4293 meridie
698 4234 813 4294 domus
829 4233 968 4293 Rotberti
980 4233 1094 4294 Medici
1111 4250 1139 4292 et
1156 4233 1332 4293 monasterii
1351 4232 1528 4312 SGeorgii,
1544 4250 1616 4294 nec-

310 4341 375 4382 non
392 4322 513 4383 bisantii
531 4323 626 4383 unius
642 4341 772 4382 censum
789 4323 893 4400 donat,
910 4323 964 4402 qui
981 4341 1038 4403 pro
1055 4322 1202 4382 domibus
1219 4321 1358 4382 Rotberti
1375 4322 1489 4383 Medici
1505 4322 1616 4383 redde·

310 4412 408 4472 batur.
433 4411 468 4471 ln
484 4411 578 4490 hujus
593 4426 698 4473 autem
715 4428 810 4472 terrae
827 4427 857 4472 et
877 4411 999 4472 bisantii
1022 4410 1176 4471 cambium
1202 4411 1370 4491 patriarcha
1394 4411 1508 4472 domos
1524 4431 1616 4492 quas-

310 4500 382 4561 dam
399 4501 517 4581 accipit,
533 4520 613 4581 quae
631 4502 759 4563 luerunt
775 4499 918 4562 Rainaldi
941 4503 979 4561 de
1003 4501 1112 4561 Monte
1135 4500 1284 4579 Laudato,
1300 4501 1384 4560 vicos
1401 4500 1573 4580 Coquinati
1588 4513 1617 4561 et

310 4589 594 4651 Parmeutariorum
610 4589 824 4669 interjacentes
840 4589 954 4650 scilicet
969 4590 1000 4650 in
1011 4589 1127 4671 angulo
1138 4590 1200 4668 illo,
1212 4609 1276 4669 quo
1288 4590 1348 4651 itur
1358 4590 1395 4650 ad
1407 4589 1616 4670 Sepulchrum

310 4680 449 4741 Domini.
466 4714 511 4723 —
527 4679 698 4740 Rainaldus
715 4680 901 4760 capellanus,
920 4678 1087 4740 Rotbertus
1098 4679 1136 4739 de
1153 4679 1266 4739 Lochis
1277 4680 1437 4756 diaconuS,
1448 4678 1616 4741 Rotbertus

310 4769 347 4830 de
364 4769 528 4830 Thesauro
544 4769 705 4849 diaconus,
729 4770 836 4829 Petrus
859 4768 996 4847 clericus,
1018 4768 1187 4846 lohannes,
1210 4769 1340 4830 clericus
1356 4770 1394 4828 de
1411 4769 1554 4848 Capella;
1578 4769 1616 4830 de

308 4858 406 4920 laicis:
419 4857 594 4937 Fuleomar,
607 4859 695 4919 l'rater
705 4857 872 4937 Tetbaudi,
885 4857 1055 4920 Gaul'ridus
1065 4857 1191 4938 dapifer,
1203 4857 1371 4919 liutbertus
1382 4857 1420 4918 de
1431 4857 1617 4941 Pinquegni,
