3398 5400
292 384 351 443 124
851 357 1026 428 Regesta

286 578 403 651 Guido,
422 578 452 639 S.
471 578 585 641 Mariae
602 579 640 639 de
658 579 775 655 Latina,
792 580 924 652 abbates,
942 579 1126 649 Bernardus,
1145 578 1228 658 prior
1245 577 1362 640 Montis
1378 576 1503 646 Oliveti,
1520 576 1595 636 Era·

286 668 373 744 clius,
400 668 637 730 archidiaconus
661 668 840 745 Jerusalem,
871 667 1023 729 Arnulfus
1049 668 1241 750 capellanus,
1269 666 1440 729 Gaufridus
1465 665 1594 747 dapifer,

287 757 441 818 Robertus
458 758 496 818 de
514 757 665 836 Pinhegni
682 756 834 834 (Roziere,
852 777 881 838 p.
902 776 1085 837 301—305,
1104 758 1163 818 No.
1183 757 1257 832 167;
1284 756 1401 835 Migne,
1419 776 1449 838 p.
1467 775 1595 835 1244—

293 866 385 925 1247,
404 847 463 908 No.
481 848 557 920 167;
583 846 621 907 cf.
639 847 784 907 Wauters
801 846 836 923 ll,
854 866 883 927 p.
905 865 982 926 5033
1000 847 1038 907 de
1055 847 1177 925 Vogtle',
1195 866 1224 926 p.
1245 845 1328 923 2t7l·
1524 841 1595 903 469

335 951 435 1029 1169,
453 954 516 1014 ind.
535 953 568 1014 ll.
586 987 630 996 —
646 953 855 1032 Raimundus,
872 956 964 1014 abbas
980 954 1105 1034 Templi
1123 953 1263 1030 Domini,
1281 951 1524 1013 conventionem
1542 971 1596 1032 per

288 1042 478 1104 Richardum
489 1057 519 1103 et
529 1042 710 1103 Rainerium
729 1044 897 1105 canonicos
908 1063 979 1104 cum
992 1043 1172 1119 Bertrand0,
1184 1042 1417 1124 archiepiscopo
1427 1040 1593 1117 Tranensi,

286 1132 466 1193 deecclesia
490 1133 521 1193 S.
539 1132 654 1192 Mariae
679 1133 879 1212 Magdalenae
903 1133 1077 1194 Barolitana
1102 1132 1210 1193 factam
1230 1130 1393 1191 confirmat
1409 1130 1595 1208 (Arcangelo

286 1221 316 1281 di
328 1221 521 1283 Gioacchino
532 1221 677 1300 Prologo,
693 1221 736 1282 Le
747 1237 844 1283 carte.
863 1268 870 1282 .
890 1269 896 1283 .
915 1222 1018 1283 .nello
1034 1222 1170 1282 archivio
1187 1220 1236 1281 del
1252 1220 1341 1301 capit.
1353 1219 1595 1300 metropolitano

287 1310 365 1371 della
383 1311 451 1372 citra
468 1311 498 1371 di
516 1311 624 1388 Trani,
641 1311 770 1371 Barletta
794 1313 885 1388 1877,
903 1331 932 1391 p.
957 1312 1146 1391 132—133).
1524 1305 1595 1368 470

367 1464 386 1495 ,,
433 1465 441 1495 ,
465 1419 530 1480 ind.
548 1418 582 1478 11.
602 1452 646 1462 -
669 1419 873 1480 Boamundus
897 1418 945 1496 lll,
970 1419 1114 1499 princeps
1136 1417 1362 1494 Antiochenus,
1385 1415 1595 1478 Januensibus

287 1507 445 1588 privilegia
462 1529 478 1568 a
495 1509 693 1586 Boamundo,
712 1509 839 1570 Roberti
851 1508 1014 1570 Guiscardi
1031 1507 1105 1585 filio,
1123 1507 1155 1568 in
1174 1506 1366 1583 Antiochiae,
1379 1505 1549 1567 Laodiceae
1566 1520 1595 1565 et

287 1597 409 1658 Suidini
426 1597 596 1658 civitatibus
613 1597 726 1659 donata
742 1597 844 1676 sigillo
861 1596 1032 1659 confirmat.
1048 1631 1092 1641 -
1108 1597 1262 1672 Silvester,
1275 1595 1421 1676 principis
1432 1609 1592 1674 cognatus,

286 1686 453 1763 Robertus,
464 1685 545 1747 filius
556 1686 709 1763 Gaufridi,
720 1687 930 1747 Exchivardus
941 1686 1068 1768 dapifer,
1079 1686 1270 1746 Willielmus
1285 1685 1323 1745 de
1341 1684 1424 1746 Moci
1435 1684 1593 1765 pincerna,

286 1775 476 1836 Willielmus
492 1776 587 1857 Tyrel
610 1776 822 1850 marescalcus,
845 1777 1004 1838 lohannes
1020 1776 1059 1837 de
1075 1775 1219 1856 Falquin,
1243 1774 1413 1850 Bonaldus,
1440 1773 1594 1851 Rogerius

287 1865 324 1924 de
351 1865 509 1941 Surdeval,
527 1865 718 1926 Willielmus
741 1864 851 1926 Bnlfrei
875 1866 947 1940 dux,
973 1865 1129 1926 Rodulfus
1152 1865 1190 1925 de
1214 1865 1318 1941 Neun,
1342 1862 1533 1923 Willielmus
1555 1862 1593 1922 de

287 1954 399 2031 Croisi,
426 1954 596 2016 Gaufridus
617 1953 748 2015 Falsam.
781 1955 895 2015 Datum
917 1974 972 2037 per
991 1974 1118 2015 manum
1142 1953 1290 2014 Bernardi
1313 1951 1485 2013 cancellarii
1509 1969 1594 2012 anno

287 2044 477 2125 principatus
493 2044 533 2105 Vl
557 2043 659 2120 (Liber
675 2041 790 2119 jurium
809 2044 830 2122 l,
854 2064 882 2124 p.
902 2063 1099 2124 249-250,
1123 2043 1184 2104 No.
1205 2043 1284 2114 276;
1311 2043 1399 2102 Mon.
1417 2041 1487 2101 hist.
1505 2055 1592 2121 patr,

287 2132 418 2194 Chartae
435 2133 456 2210 l,
475 2153 504 2214 p.
524 2134 710 2213 857—859,
729 2134 789 2194 No.
805 2150 882 2212 5443
909 2133 1033 2212 Ughelli
1051 2134 1101 2211 lV,
1119 2152 1148 2214 p.
1162 2133 1354 2202 871-872;
1380 2129 1494 2210 Ltlnig,
1512 2129 1592 2192 Cod.

287 2221 417 2302 diplom.
435 2222 497 2283 ltal.
516 2222 550 2298 ll,
569 2242 597 2303 p.
618 2223 846 2299 2087—2088,
865 2223 925 2283 No.
944 2224 980 2294 8;
1005 2221 1042 2282 cf.
1060 2222 1209 2282 Archives
1225 2222 1255 2282 d.
1273 2221 1357 2280 miss.
1374 2218 1517 2295 scientif,
1534 2219 1554 2279 l.
1566 2237 1592 2280 c.

287 2311 322 2387 ll,
340 2331 370 2391 p.
384 2328 463 2391 352;
489 2312 584 2373 Me'm.
602 2311 640 2372 de
657 2310 763 2372 l'acad.
782 2311 809 2371 d.
827 2311 963 2392 inscript.
982 2313 1073 2390 1818,
1091 2311 1139 2388 lll,
1157 2330 1187 2392 p.
1206 2329 1279 2390 1053
1306 2309 1394 2370 Serra
1406 2309 1456 2383 lV,
1469 2328 1499 2389 p.
1517 2309 1592 2387 148;

287 2400 378 2482 Heyd
396 2400 417 2477 l,
437 2420 467 2480 p.
491 2419 566 2479 1743
592 2401 722 2479 Langer,
740 2419 770 2481 p.
795 2400 985 2480 156-157).
1523 2393 1588 2455 47¹

368 2551 387 2583 ,‚
435 2506 670 2587 Hierosolymis.
688 2539 730 2548 —-
748 2506 843 2585 Hugo
860 2506 898 2567 de
915 2506 1064 2568 Hibelino
1087 2505 1259 2583 confirmat,
1284 2503 1466 2565 Rainerium
1491 2505 1593 2565 bonae

288 2595 467 2674 memoriae,
490 2594 682 2657 avunculum
705 2615 808 2672 suum,
836 2595 978 2656 fratribus
1003 2596 1032 2657 S.
1050 2595 1154 2656 Lazari
1178 2595 1216 2656 de
1239 2593 1407 2656 Jerusalem
1434 2592 1592 2673 quandam

287 2701 398 2746 terram
416 2686 448 2745 in
465 2685 616 2747 territorio
628 2685 804 2745 Ramatensi
821 2684 910 2745 sitam
927 2685 1115 2763 designasse,
1127 2685 1208 2746 viros
1223 2703 1298 2745 vero
1314 2682 1476 2762 designare
1494 2679 1594 2759 jussos

289 2772 448 2853 majorem,
460 2794 555 2855 quam
566 2775 708 2852 debeant,
726 2789 843 2856 partem
859 2774 1035 2850 tradidisse;
1057 2775 1137 2835 hanc
1154 2789 1271 2855 partem
1287 2771 1593 2854 superabundantem

288 2864 449 2944 quondam
467 2880 618 2946 receptam
636 2883 669 2924 se
687 2883 772 2924 nunc
792 2882 942 2924 concessu
959 2864 1088 2942 Agnetis
1111 2863 1225 2941 uxoris,
1249 2861 1394 2923 Baldnini
1412 2876 1441 2921 et
1457 2859 1594 2921 Barisani

288 2953 416 3013 fratrum
443 2972 567 3014 necnon
593 2953 724 3014 consilio
746 2952 904 3028 Bernardi,
930 2953 1067 3034 episcopi
1094 2952 1266 3029 Liddensis,
1293 2967 1322 3012 et
1347 2950 1438 3011 etiam
1464 2969 1522 3030 pro
1547 2949 1594 3009 via

288 3041 319 3102 S.
336 3042 440 3102 Jacobi
456 3044 494 3102 ab
511 3042 579 3124 ipso
596 3058 665 3102 vota
681 3042 769 3102 dictis
786 3041 929 3102 fratribus
953 3042 1079 3103 reddere
1103 3061 1175 3102 cum
1198 3057 1286 3118 terra,
1303 3059 1398 3122 quam
1416 3039 1595 3100 habuerunt

290 3131 328 3190 de
339 3131 467 3192 domina
478 3131 550 3209 Eva,
567 3146 596 3192 et
612 3131 712 3210 sigillo
730 3131 863 3192 munire.
874 3164 918 3174 -
934 3130 1060 3211 Algnes)
1078 3131 1242 3207 comitissa,
1260 3129 1458 3205 Baldevinus,
1475 3127 1595 3188 Barisa-

289 3240 358 3296 nus,
383 3219 588 3296 Blernardus),
612 3220 777 3301 episcopus
801 3219 974 3295 Liddensis,
999 3220 1163 3295 Radulfus,
1187 3220 1363 3301 capellanus
1388 3216 1593 3294 Ramatensis,

288 3309 326 3369 de
343 3309 500 3370 canonicis
524 3309 553 3370 S.
570 3309 714 3388 Georgii:
741 3309 926 3371 Gillebertus
950 3325 1066 3385 cantor,
1089 3309 1252 3386 folbertus,
1278 3309 1383 3369 Petrus
1407 3307 1594 3388 capellanus,

288 3398 462 3473 lohannes;
480 3398 518 3459 de
536 3398 685 3459 militibus
702 3399 955 3459 Ramatensibus:
974 3398 1144 3460 Nicholaus
1161 3399 1198 3459 de
1216 3397 1361 3471 Bernard,
1373 3395 1546 3457 Baldninus
1556 3396 1595 3456 de

289 3487 392 3562 Roais,
414 3488 586 3568 Philippus,
611 3486 684 3549 Odo
701 3487 846 3568 Ruphus,
870 3488 1046 3548 Bernardus
1063 3486 1241 3564 Provencal,
1259 3486 1438 3547 Willelmus
1454 3483 1595 3561 Arnaldi,

290 3576 468 3637 Willelmus
499 3576 608 3654 Faber,
641 3577 793 3637 Martinus
819 3576 942 3653 Gazele,
973 3577 1120 3638 Terricus
1146 3578 1183 3637 de
1209 3576 1344 3652 lnferno,
1376 3575 1532 3634 Robertus
1557 3574 1595 3634 de

288 3664 413 3743 Corbie,
433 3666 611 3727 Willelmns
635 3666 673 3726 de
697 3666 792 3742 Ponz,
817 3665 980 3744 burgensis
1004 3667 1042 3727 de
1058 3664 1260 3727 iherusalem.
1293 3665 1420 3726 Factum
1437 3663 1595 3724 Amalrico

288 3754 467 3835 patriarcha,
491 3753 648 3816 Amalrico
664 3755 675 3815 l
692 3775 762 3834 rege
787 3754 945 3832 (Archives
961 3756 999 3816 de
1015 3754 1149 3816 l'Orient
1164 3755 1238 3816 latin
1255 3755 1323 3832 llB,
1348 3774 1377 3834 p.
1402 3772 1594 3833 142-143,

289 3844 349 3905 No.
369 3863 425 3924 253
451 3844 488 3905 cf.
506 3844 657 3921 Cibrario,
675 3864 704 3924 p.
725 3845 804 3924 2363
831 3844 977 3921 Ferrand,
996 3865 1025 3925 p.
1046 3845 1106 3924 31).
1524 3838 1594 3901 472

338 3948 428 4011 1170
442 3952 502 4012 Jul.
519 3986 563 3996 —
580 3952 743 4032 Rogerius,
760 3953 908 4013 dominus
926 3953 1057 4029 Seonae,
1083 3971 1210 4012 assensu
1227 3950 1332 4011 uxoris
1351 3949 1473 4010 Ariciae
1491 3963 1520 4009 et
1536 3948 1595 4009 fra-

289 4056 370 4100 trum
397 4041 584 4102 Garentonis
607 4058 636 4103 et
658 4042 801 4103 loscelini
825 4041 977 4122 Hospitali
1001 4042 1097 4101 casale
1121 4039 1280 4101 Tricheria
1305 4059 1377 4100 cum
1403 4037 1597 4119 pertinentiis

289 4130 384 4190 donat
400 4145 429 4191 et
444 4130 546 4209 sigillo
562 4130 734 4192 confirmat.
751 4165 795 4173 —
811 4131 993 4208 loscelinus,
1011 4130 1101 4191 frater
1119 4129 1255 4208 Rogerii,
1267 4128 1447 4189 Willelmus
1462 4127 1596 4206 Trigala,

289 4218 471 4280 Rainaudus
487 4219 525 4280 de
543 4221 739 4300 Landauran‚
750 4220 932 4281 Tancredus
952 4221 1058 4282 Dasart
1072 4219 1091 4297 ¹)
1109 4219 1203 4295 (Paoli
1220 4219 1241 4295 l,
1260 4238 1289 4298 p.
1305 4238 1353 4298 50,
1371 4218 1431 4278 No.
1443 4217 1507 4296 49).
1525 4213 1596 4275 473

364 4322 382 4388 ¹)
402 4319 478 4375 Alias
494 4321 529 4375 de
544 4321 684 4388 Hasardo,
698 4322 792 4376 Azart.

371 4478 389 4509 „
436 4433 518 4514 Sept.
537 4455 567 4514 9,
591 4434 655 4495 ind.
674 4434 721 4496 lll.
748 4435 879 4496 Verulis.
897 4433 1131 4495 -Alexander
1152 4432 1189 4492 lll
1213 4431 1357 4493 ecclesiae
1381 4431 1412 4492 S.
1431 4428 1596 4512 Sepulchri

289 4542 343 4604 per
359 4542 489 4583 manum
505 4523 584 4585 Petri
602 4524 625 4584 ll
643 4523 754 4605 prioris
765 4540 794 4585 et
804 4523 949 4585 Amalrici
962 4522 1147 4604 patriarchae
1160 4521 1371 4602 possessiones
1382 4519 1597 4581 ultramarinas

289 4613 326 4671 ab
344 4612 502 4674 Amalrico
520 4613 688 4694 patriarcha
705 4612 900 4675 confirmatas
917 4629 946 4673 et
962 4612 1139 4673 cismarinas
1157 4612 1258 4672 munit
1275 4610 1427 4688 (Roziere,
1443 4629 1473 4691 p.
1488 4609 1597 4689 296—

291 4721 363 4781 300,
382 4703 441 4763 No.
466 4703 541 4774 166;
561 4702 847 4782 leffe-deenfeld,
864 4703 925 4765 No.
949 4703 1079 4782 11831).
1525 4695 1596 4758 474

370 4852 389 4884 ,,
436 4852 444 4882 ,
462 4807 525 4868 ind.
538 4808 585 4869 lll.
597 4842 640 4853 —
656 4809 841 4887 Amalricus,
860 4808 1026 4890 episcopus
1037 4806 1242 4882 Sidoniensis,
1256 4825 1356 4888 quum
1368 4803 1597 4887 Hierosolymis

289 4896 320 4957 S.
338 4896 546 4977 Sepulchrum
571 4897 695 4960 visitans
718 4919 735 4959 a
757 4899 858 4975 Petro,
883 4897 1027 4959 ecclesiae
1050 4898 1085 4958 B.
1104 4895 1217 4958 Mariae
1241 4894 1327 4956 vallis
1343 4895 1499 4976 Josaphat,
1524 4912 1596 4956 cum
