<?xml version="1.0" encoding="UTF-8"?>
<!DOCTYPE html PUBLIC "-//W3C//DTD XHTML 1.0 Transitional//EN"
    "http://www.w3.org/TR/xhtml1/DTD/xhtml1-transitional.dtd">
<html xmlns="http://www.w3.org/1999/xhtml" xml:lang="en" lang="en">
 <head>
  <title>
</title>
<meta http-equiv="Content-Type" content="text/html;charset=utf-8" />
  <meta name='ocr-system' content='tesseract 3.04.00' />
  <meta name='ocr-capabilities' content='ocr_page ocr_carea ocr_par ocr_line ocrx_word'/>
</head>
<body>
  <div class='ocr_page' id='page_1' title='image "./regestaregnihie00rhgoog_0064.png"; bbox 0 0 3398 5400; ppageno 0'>
   <div class='ocr_carea' id='block_1_1' title="bbox 582 347 1409 436">
    <p class='ocr_par' dir='ltr' id='par_1_1' title="bbox 582 347 1409 436">
     <span class='ocr_line' id='line_1_1' title="bbox 582 347 1409 436; baseline -0.004 -33"><span class='ocrx_word' id='word_1_1' title='bbox 582 347 661 420; x_wconf 80' lang='lat' dir='ltr'>regni</span> <span class='ocrx_word' id='word_1_2' title='bbox 675 347 936 421; x_wconf 84' lang='lat' dir='ltr'>Hierosolymitani.</span> <span class='ocrx_word' id='word_1_3' title='bbox 1372 377 1409 436; x_wconf 80' lang='lat'>57</span> 
     </span>
    </p>
   </div>
   <div class='ocr_carea' id='block_1_2' title="bbox 1131 442 1360 452">
    <p class='ocr_par' dir='ltr' id='par_1_2' title="bbox 1131 442 1360 452">
     <span class='ocr_line' id='line_1_2' title="bbox 1131 442 1360 452; baseline 0.013 -4"><span class='ocrx_word' id='word_1_4' title='bbox 1131 442 1311 452; x_wconf 43' lang='grc' dir='ltr'>φοι-ᾦ</span> <span class='ocrx_word' id='word_1_5' title='bbox 1326 447 1360 451; x_wconf 84' lang='grc'>..-</span> 
     </span>
    </p>
   </div>
   <div class='ocr_carea' id='block_1_3' title="bbox 103 558 1412 1355">
    <p class='ocr_par' dir='ltr' id='par_1_3' title="bbox 103 558 1412 1355">
     <span class='ocr_line' id='line_1_3' title="bbox 154 558 1411 641; baseline 0.002 -22"><span class='ocrx_word' id='word_1_6' title='bbox 154 558 245 620; x_wconf 85' lang='grc'><strong>1144</strong></span> <span class='ocrx_word' id='word_1_7' title='bbox 262 560 346 638; x_wconf 72' lang='lat' dir='ltr'>Mai,</span> <span class='ocrx_word' id='word_1_8' title='bbox 371 560 435 622; x_wconf 91' lang='lat' dir='ltr'>iud.</span> <span class='ocrx_word' id='word_1_9' title='bbox 453 560 516 622; x_wconf 93' lang='lat' dir='ltr'>Vll.</span> <span class='ocrx_word' id='word_1_10' title='bbox 543 595 587 604; x_wconf 89' lang='lat'>—</span> <span class='ocrx_word' id='word_1_11' title='bbox 616 561 775 641; x_wconf 87' lang='lat' dir='ltr'>Tempore</span> <span class='ocrx_word' id='word_1_12' title='bbox 807 560 940 641; x_wconf 86' lang='lat' dir='ltr'>Philippi</span> <span class='ocrx_word' id='word_1_13' title='bbox 972 561 1010 622; x_wconf 91' lang='lat' dir='ltr'>de</span> <span class='ocrx_word' id='word_1_14' title='bbox 1043 562 1224 637; x_wconf 87' lang='lat' dir='ltr'>Lamberto,</span> <span class='ocrx_word' id='word_1_15' title='bbox 1256 560 1411 622; x_wconf 91' lang='lat' dir='ltr'>Tanclerii</span> 
     </span>
     <span class='ocr_line' id='line_1_4' title="bbox 105 650 1411 732; baseline 0.001 -21"><span class='ocrx_word' id='word_1_16' title='bbox 105 651 144 711; x_wconf 92' lang='lat' dir='ltr'>de</span> <span class='ocrx_word' id='word_1_17' title='bbox 167 652 278 712; x_wconf 89' lang='lat' dir='ltr'>Mauro</span> <span class='ocrx_word' id='word_1_18' title='bbox 303 667 332 712; x_wconf 91' lang='lat' dir='ltr'>et</span> <span class='ocrx_word' id='word_1_19' title='bbox 354 650 524 712; x_wconf 90' lang='lat' dir='ltr'>Guillielmi</span> <span class='ocrx_word' id='word_1_20' title='bbox 543 651 634 711; x_wconf 86' lang='lat' dir='ltr'>Venti</span> <span class='ocrx_word' id='word_1_21' title='bbox 656 651 820 711; x_wconf 90' lang='lat' dir='ltr'>Bellamuti</span> <span class='ocrx_word' id='word_1_22' title='bbox 844 652 1010 712; x_wconf 89' lang='lat' dir='ltr'>consulum</span> <span class='ocrx_word' id='word_1_23' title='bbox 1036 666 1064 711; x_wconf 89' lang='lat' dir='ltr'>et</span> <span class='ocrx_word' id='word_1_24' title='bbox 1087 671 1191 712; x_wconf 86' lang='lat' dir='ltr'>coram</span> <span class='ocrx_word' id='word_1_25' title='bbox 1213 651 1358 732; x_wconf 92' lang='lat' dir='ltr'>Philippo</span> <span class='ocrx_word' id='word_1_26' title='bbox 1383 667 1411 712; x_wconf 89' lang='lat' dir='ltr'>et</span> 
     </span>
     <span class='ocr_line' id='line_1_5' title="bbox 103 738 1410 821; baseline 0 -21"><span class='ocrx_word' id='word_1_27' title='bbox 103 740 270 801; x_wconf 91' lang='lat' dir='ltr'>Tanclerio</span> <span class='ocrx_word' id='word_1_28' title='bbox 287 740 375 801; x_wconf 90' lang='lat' dir='ltr'>dictis</span> <span class='ocrx_word' id='word_1_29' title='bbox 392 740 463 818; x_wconf 87' lang='lat' dir='ltr'>Ugo</span> <span class='ocrx_word' id='word_1_30' title='bbox 479 741 670 820; x_wconf 85' lang='lat' dir='ltr'>Embriacus,</span> <span class='ocrx_word' id='word_1_31' title='bbox 688 739 769 800; x_wconf 89' lang='lat' dir='ltr'>filius</span> <span class='ocrx_word' id='word_1_32' title='bbox 780 740 888 801; x_wconf 87' lang='lat' dir='ltr'>Nicole</span> <span class='ocrx_word' id='word_1_33' title='bbox 900 738 1062 818; x_wconf 88' lang='lat' dir='ltr'>Embriaci,</span> <span class='ocrx_word' id='word_1_34' title='bbox 1074 756 1312 816; x_wconf 90' lang='lat' dir='ltr'>sacramentum,</span> <span class='ocrx_word' id='word_1_35' title='bbox 1324 741 1410 821; x_wconf 93' lang='lat' dir='ltr'>quod</span> 
     </span>
     <span class='ocr_line' id='line_1_6' title="bbox 107 828 1410 910; baseline -0.001 -20"><span class='ocrx_word' id='word_1_36' title='bbox 107 829 198 890; x_wconf 88' lang='lat' dir='ltr'>frater</span> <span class='ocrx_word' id='word_1_37' title='bbox 214 828 280 906; x_wconf 79' lang='lat' dir='ltr'>ejus</span> <span class='ocrx_word' id='word_1_38' title='bbox 297 830 431 890; x_wconf 89' lang='lat' dir='ltr'>Obertus</span> <span class='ocrx_word' id='word_1_39' title='bbox 447 829 597 910; x_wconf 89' lang='lat' dir='ltr'>scriptum</span> <span class='ocrx_word' id='word_1_40' title='bbox 614 830 742 890; x_wconf 86' lang='lat' dir='ltr'>duxerat</span> <span class='ocrx_word' id='word_1_41' title='bbox 759 847 787 890; x_wconf 91' lang='lat' dir='ltr'>et</span> <span class='ocrx_word' id='word_1_42' title='bbox 803 828 918 907; x_wconf 88' lang='lat' dir='ltr'>jurasse</span> <span class='ocrx_word' id='word_1_43' title='bbox 939 829 1106 907; x_wconf 81' lang='lat' dir='ltr'>dicebatur,</span> <span class='ocrx_word' id='word_1_44' title='bbox 1131 829 1209 909; x_wconf 88' lang='lat' dir='ltr'>jurat</span> <span class='ocrx_word' id='word_1_45' title='bbox 1233 831 1357 907; x_wconf 89' lang='lat' dir='ltr'>scilicet,</span> <span class='ocrx_word' id='word_1_46' title='bbox 1379 849 1410 890; x_wconf 92' lang='lat' dir='ltr'>se</span> 
     </span>
     <span class='ocr_line' id='line_1_7' title="bbox 106 918 1412 999; baseline 0.002 -22"><span class='ocrx_word' id='word_1_47' title='bbox 106 919 198 979; x_wconf 89' lang='lat' dir='ltr'>vitam</span> <span class='ocrx_word' id='word_1_48' title='bbox 223 919 448 998; x_wconf 82' lang='lat' dir='ltr'>consanguinei</span> <span class='ocrx_word' id='word_1_49' title='bbox 474 918 645 980; x_wconf 90' lang='lat' dir='ltr'>Guillielmi</span> <span class='ocrx_word' id='word_1_50' title='bbox 670 918 823 980; x_wconf 90' lang='lat' dir='ltr'>Embriaci</span> <span class='ocrx_word' id='word_1_51' title='bbox 850 938 974 980; x_wconf 82' lang='lat' dir='ltr'>necnon</span> <span class='ocrx_word' id='word_1_52' title='bbox 1001 919 1172 996; x_wconf 78' lang='lat' dir='ltr'>honorem,</span> <span class='ocrx_word' id='word_1_53' title='bbox 1199 940 1294 999; x_wconf 91' lang='lat' dir='ltr'>quem</span> <span class='ocrx_word' id='word_1_54' title='bbox 1320 920 1412 980; x_wconf 91' lang='lat' dir='ltr'>habet</span> 
     </span>
     <span class='ocr_line' id='line_1_8' title="bbox 105 1007 1412 1089; baseline -0.001 -20"><span class='ocrx_word' id='word_1_55' title='bbox 105 1007 260 1083; x_wconf 87' lang='lat' dir='ltr'>Gibelleti,</span> <span class='ocrx_word' id='word_1_56' title='bbox 287 1025 316 1068; x_wconf 91' lang='lat' dir='ltr'>et</span> <span class='ocrx_word' id='word_1_57' title='bbox 332 1028 539 1087; x_wconf 91' lang='lat' dir='ltr'>quaecunque</span> <span class='ocrx_word' id='word_1_58' title='bbox 556 1008 629 1069; x_wconf 89' lang='lat' dir='ltr'>citra</span> <span class='ocrx_word' id='word_1_59' title='bbox 645 1008 692 1069; x_wconf 91' lang='lat' dir='ltr'>vel</span> <span class='ocrx_word' id='word_1_60' title='bbox 710 1008 788 1069; x_wconf 88' lang='lat' dir='ltr'>ultra</span> <span class='ocrx_word' id='word_1_61' title='bbox 805 1027 888 1069; x_wconf 90' lang='lat' dir='ltr'>mare</span> <span class='ocrx_word' id='word_1_62' title='bbox 906 1028 1107 1089; x_wconf 88' lang='lat' dir='ltr'>possessurus</span> <span class='ocrx_word' id='word_1_63' title='bbox 1123 1009 1171 1087; x_wconf 91' lang='lat' dir='ltr'>sit,</span> <span class='ocrx_word' id='word_1_64' title='bbox 1195 1009 1361 1070; x_wconf 87' lang='lat' dir='ltr'>defendere</span> <span class='ocrx_word' id='word_1_65' title='bbox 1378 1029 1412 1068; x_wconf 92' lang='lat' dir='ltr'>ac</span> 
     </span>
     <span class='ocr_line' id='line_1_9' title="bbox 106 1096 1412 1179; baseline 0 -21"><span class='ocrx_word' id='word_1_66' title='bbox 106 1098 185 1158; x_wconf 91' lang='lat' dir='ltr'>tueri</span> <span class='ocrx_word' id='word_1_67' title='bbox 203 1098 279 1158; x_wconf 90' lang='lat' dir='ltr'>velle</span> <span class='ocrx_word' id='word_1_68' title='bbox 296 1116 421 1158; x_wconf 91' lang='lat' dir='ltr'>necnon</span> <span class='ocrx_word' id='word_1_69' title='bbox 439 1097 561 1158; x_wconf 89' lang='lat' dir='ltr'>fratrem</span> <span class='ocrx_word' id='word_1_70' title='bbox 579 1096 645 1172; x_wconf 90' lang='lat' dir='ltr'>ejus</span> <span class='ocrx_word' id='word_1_71' title='bbox 662 1098 879 1179; x_wconf 83' lang='lat' dir='ltr'>Agyenorium</span> <span class='ocrx_word' id='word_1_72' title='bbox 900 1114 928 1158; x_wconf 89' lang='lat' dir='ltr'>et</span> <span class='ocrx_word' id='word_1_73' title='bbox 944 1099 1081 1159; x_wconf 90' lang='lat' dir='ltr'>heredes.</span> <span class='ocrx_word' id='word_1_74' title='bbox 1099 1128 1138 1144; x_wconf 91' lang='lat'>—·</span> <span class='ocrx_word' id='word_1_75' title='bbox 1159 1098 1316 1159; x_wconf 85' lang='lat' dir='ltr'>Ansaldus</span> <span class='ocrx_word' id='word_1_76' title='bbox 1334 1098 1412 1158; x_wconf 90' lang='lat' dir='ltr'>Mal-</span> 
     </span>
     <span class='ocr_line' id='line_1_10' title="bbox 105 1185 1410 1267; baseline 0.002 -22"><span class='ocrx_word' id='word_1_77' title='bbox 105 1185 209 1260; x_wconf 88' lang='lat' dir='ltr'>louus,</span> <span class='ocrx_word' id='word_1_78' title='bbox 234 1187 418 1267; x_wconf 84' lang='lat' dir='ltr'>Bonsegnor</span> <span class='ocrx_word' id='word_1_79' title='bbox 436 1185 605 1262; x_wconf 88' lang='lat' dir='ltr'>Mallonus,</span> <span class='ocrx_word' id='word_1_80' title='bbox 632 1186 870 1248; x_wconf 79' lang='lat' dir='ltr'>Ronusvasallus</span> <span class='ocrx_word' id='word_1_81' title='bbox 887 1187 1020 1263; x_wconf 85' lang='lat' dir='ltr'>Odonis‚</span> <span class='ocrx_word' id='word_1_82' title='bbox 1044 1189 1195 1264; x_wconf 85' lang='lat' dir='ltr'>Bomons,</span> <span class='ocrx_word' id='word_1_83' title='bbox 1222 1189 1311 1249; x_wconf 86' lang='lat' dir='ltr'>frater</span> <span class='ocrx_word' id='word_1_84' title='bbox 1334 1186 1410 1264; x_wconf 91' lang='lat' dir='ltr'>ejus,</span> 
     </span>
     <span class='ocr_line' id='line_1_11' title="bbox 105 1275 1412 1355; baseline 0 -19"><span class='ocrx_word' id='word_1_85' title='bbox 105 1275 347 1337; x_wconf 89' lang='lat' dir='ltr'>Bonusvasallus</span> <span class='ocrx_word' id='word_1_86' title='bbox 370 1275 524 1347; x_wconf 90' lang='lat' dir='ltr'>Tetvicae,</span> <span class='ocrx_word' id='word_1_87' title='bbox 551 1276 696 1355; x_wconf 85' lang='lat' dir='ltr'>Oglerius</span> <span class='ocrx_word' id='word_1_88' title='bbox 722 1277 759 1337; x_wconf 94' lang='lat' dir='ltr'>de</span> <span class='ocrx_word' id='word_1_89' title='bbox 784 1277 942 1354; x_wconf 89' lang='lat' dir='ltr'>Guidone,</span> <span class='ocrx_word' id='word_1_90' title='bbox 969 1277 1046 1355; x_wconf 81' lang='lat' dir='ltr'>lngo</span> <span class='ocrx_word' id='word_1_91' title='bbox 1072 1279 1109 1338; x_wconf 92' lang='lat' dir='ltr'>de</span> <span class='ocrx_word' id='word_1_92' title='bbox 1128 1276 1228 1352; x_wconf 89' lang='lat' dir='ltr'>Volta,</span> <span class='ocrx_word' id='word_1_93' title='bbox 1253 1278 1412 1338; x_wconf 84' lang='lat' dir='ltr'>lohannes</span> 
     </span>
    </p>
   </div>
   <div class='ocr_carea' id='block_1_4' title="bbox 106 1364 1412 1536">
    <p class='ocr_par' dir='ltr' id='par_1_4' title="bbox 106 1364 1412 1536">
     <span class='ocr_line' id='line_1_12' title="bbox 106 1364 1411 1444; baseline 0 -18"><span class='ocrx_word' id='word_1_94' title='bbox 106 1365 232 1441; x_wconf 88' lang='lat' dir='ltr'>Barcha,</span> <span class='ocrx_word' id='word_1_95' title='bbox 251 1366 380 1426; x_wconf 88' lang='lat' dir='ltr'>Amicus</span> <span class='ocrx_word' id='word_1_96' title='bbox 391 1364 555 1443; x_wconf 76' lang='lat' dir='ltr'>GuerciuS,</span> <span class='ocrx_word' id='word_1_97' title='bbox 572 1366 707 1426; x_wconf 88' lang='lat' dir='ltr'>Obertus</span> <span class='ocrx_word' id='word_1_98' title='bbox 717 1366 876 1444; x_wconf 90' lang='lat' dir='ltr'>Taconus,</span> <span class='ocrx_word' id='word_1_99' title='bbox 889 1366 989 1428; x_wconf 89' lang='lat' dir='ltr'>Merlo</span> <span class='ocrx_word' id='word_1_100' title='bbox 1001 1366 1097 1442; x_wconf 86' lang='lat' dir='ltr'>Roza,</span> <span class='ocrx_word' id='word_1_101' title='bbox 1108 1367 1262 1428; x_wconf 88' lang='lat' dir='ltr'>Jordanus</span> <span class='ocrx_word' id='word_1_102' title='bbox 1272 1368 1309 1427; x_wconf 92' lang='lat' dir='ltr'>de</span> <span class='ocrx_word' id='word_1_103' title='bbox 1323 1367 1411 1427; x_wconf 84' lang='lat' dir='ltr'>Porta</span> 
     </span>
     <span class='ocr_line' id='line_1_13' title="bbox 107 1453 1412 1536; baseline -0.001 -21"><span class='ocrx_word' id='word_1_104' title='bbox 107 1455 208 1529; x_wconf 78' lang='lat' dir='ltr'>(Liber</span> <span class='ocrx_word' id='word_1_105' title='bbox 225 1453 340 1531; x_wconf 82' lang='lat' dir='ltr'>jurium</span> <span class='ocrx_word' id='word_1_106' title='bbox 358 1455 379 1527; x_wconf 95' lang='lat' dir='ltr'>l,</span> <span class='ocrx_word' id='word_1_107' title='bbox 397 1476 426 1536; x_wconf 90' lang='lat' dir='ltr'>p.</span> <span class='ocrx_word' id='word_1_108' title='bbox 446 1475 498 1534; x_wconf 81' lang='lat'>93,</span> <span class='ocrx_word' id='word_1_109' title='bbox 515 1456 575 1518; x_wconf 91' lang='lat' dir='ltr'>No.</span> <span class='ocrx_word' id='word_1_110' title='bbox 593 1455 655 1534; x_wconf 82' lang='lat'>89).</span> <span class='ocrx_word' id='word_1_111' title='bbox 1341 1453 1412 1514; x_wconf 85' lang='grc'>224</span> 
     </span>
    </p>
   </div>
   <div class='ocr_carea' id='block_1_5' title="bbox 105 1552 1412 1814">
    <p class='ocr_par' dir='ltr' id='par_1_5' title="bbox 105 1552 1412 1814">
     <span class='ocr_line' id='line_1_14' title="bbox 187 1552 1410 1635; baseline 0 -21"><span class='ocrx_word' id='word_1_112' title='bbox 187 1599 206 1629; x_wconf 86' lang='grc'>,,</span> <span class='ocrx_word' id='word_1_113' title='bbox 253 1554 335 1635; x_wconf 90' lang='lat' dir='ltr'>Sept.</span> <span class='ocrx_word' id='word_1_114' title='bbox 349 1572 396 1632; x_wconf 86' lang='lat'>14,</span> <span class='ocrx_word' id='word_1_115' title='bbox 414 1552 557 1616; x_wconf 91' lang='lat' dir='ltr'>ind.Vlll.</span> <span class='ocrx_word' id='word_1_116' title='bbox 577 1554 705 1615; x_wconf 88' lang='lat' dir='ltr'>Romae.</span> <span class='ocrx_word' id='word_1_117' title='bbox 717 1588 761 1597; x_wconf 94' lang='lat'>—</span> <span class='ocrx_word' id='word_1_118' title='bbox 778 1553 893 1614; x_wconf 90' lang='lat' dir='ltr'>Lucius</span> <span class='ocrx_word' id='word_1_119' title='bbox 909 1555 932 1615; x_wconf 97' lang='lat' dir='ltr'>ll</span> <span class='ocrx_word' id='word_1_120' title='bbox 950 1555 1040 1615; x_wconf 86' lang='lat' dir='ltr'>Petro</span> <span class='ocrx_word' id='word_1_121' title='bbox 1051 1554 1072 1631; x_wconf 95' lang='lat' dir='ltr'>l,</span> <span class='ocrx_word' id='word_1_122' title='bbox 1085 1554 1179 1635; x_wconf 88' lang='lat' dir='ltr'>priori</span> <span class='ocrx_word' id='word_1_123' title='bbox 1197 1554 1226 1615; x_wconf 89' lang='lat' dir='ltr'>S.</span> <span class='ocrx_word' id='word_1_124' title='bbox 1237 1554 1410 1635; x_wconf 83' lang='lat' dir='ltr'>Sepulchri,</span> 
     </span>
     <span class='ocr_line' id='line_1_15' title="bbox 105 1642 1412 1724; baseline 0.002 -22"><span class='ocrx_word' id='word_1_125' title='bbox 105 1642 214 1702; x_wconf 89' lang='lat' dir='ltr'>iisdem</span> <span class='ocrx_word' id='word_1_126' title='bbox 241 1642 301 1703; x_wconf 84' lang='lat' dir='ltr'>fere</span> <span class='ocrx_word' id='word_1_127' title='bbox 325 1643 424 1703; x_wconf 91' lang='lat' dir='ltr'>verbis</span> <span class='ocrx_word' id='word_1_128' title='bbox 441 1663 474 1702; x_wconf 87' lang='lat' dir='ltr'>ac</span> <span class='ocrx_word' id='word_1_129' title='bbox 491 1644 707 1723; x_wconf 87' lang='lat' dir='ltr'>praedecessor</span> <span class='ocrx_word' id='word_1_130' title='bbox 725 1644 925 1704; x_wconf 88' lang='lat' dir='ltr'>Innocentius</span> <span class='ocrx_word' id='word_1_131' title='bbox 941 1644 975 1722; x_wconf 95' lang='lat' dir='ltr'>ll,</span> <span class='ocrx_word' id='word_1_132' title='bbox 985 1645 1004 1720; x_wconf 83' lang='grc'>1)</span> <span class='ocrx_word' id='word_1_133' title='bbox 1022 1642 1179 1724; x_wconf 85' lang='lat' dir='ltr'>privilegia</span> <span class='ocrx_word' id='word_1_134' title='bbox 1195 1665 1211 1703; x_wconf 90' lang='lat' dir='ltr'>a</span> <span class='ocrx_word' id='word_1_135' title='bbox 1228 1644 1412 1705; x_wconf 85' lang='lat' dir='ltr'>Godofredo</span> 
     </span>
     <span class='ocr_line' id='line_1_16' title="bbox 106 1732 1411 1814; baseline 0.001 -22"><span class='ocrx_word' id='word_1_136' title='bbox 106 1732 196 1809; x_wconf 91' lang='lat' dir='ltr'>duce,</span> <span class='ocrx_word' id='word_1_137' title='bbox 213 1732 368 1793; x_wconf 89' lang='lat' dir='ltr'>Baldnino</span> <span class='ocrx_word' id='word_1_138' title='bbox 385 1733 396 1793; x_wconf 96' lang='lat' dir='ltr'>l</span> <span class='ocrx_word' id='word_1_139' title='bbox 413 1747 443 1792; x_wconf 92' lang='lat' dir='ltr'>et</span> <span class='ocrx_word' id='word_1_140' title='bbox 460 1732 482 1792; x_wconf 99' lang='lat' dir='ltr'>ll</span> <span class='ocrx_word' id='word_1_141' title='bbox 501 1751 625 1793; x_wconf 89' lang='lat' dir='ltr'>necnon</span> <span class='ocrx_word' id='word_1_142' title='bbox 643 1732 781 1794; x_wconf 84' lang='lat' dir='ltr'>Falcone</span> <span class='ocrx_word' id='word_1_143' title='bbox 797 1733 922 1813; x_wconf 84' lang='lat' dir='ltr'>regibus</span> <span class='ocrx_word' id='word_1_144' title='bbox 939 1749 968 1794; x_wconf 90' lang='lat' dir='ltr'>et</span> <span class='ocrx_word' id='word_1_145' title='bbox 984 1734 1119 1795; x_wconf 84' lang='lat' dir='ltr'>Arnull&#39;o</span> <span class='ocrx_word' id='word_1_146' title='bbox 1145 1734 1313 1814; x_wconf 87' lang='lat' dir='ltr'>patriarcha</span> <span class='ocrx_word' id='word_1_147' title='bbox 1336 1753 1411 1794; x_wconf 94' lang='lat' dir='ltr'>con-</span> 
     </span>
    </p>
   </div>
   <div class='ocr_carea' id='block_1_6' title="bbox 105 1821 1411 1996">
    <p class='ocr_par' dir='ltr' id='par_1_6' title="bbox 105 1821 1411 1996">
     <span class='ocr_line' id='line_1_17' title="bbox 106 1821 1410 1904; baseline 0.001 -22"><span class='ocrx_word' id='word_1_148' title='bbox 106 1841 189 1882; x_wconf 87' lang='lat' dir='ltr'>cessa</span> <span class='ocrx_word' id='word_1_149' title='bbox 205 1822 388 1900; x_wconf 80' lang='lat' dir='ltr'>generaliter</span> <span class='ocrx_word' id='word_1_150' title='bbox 404 1821 566 1883; x_wconf 86' lang='lat' dir='ltr'>confirmat</span> <span class='ocrx_word' id='word_1_151' title='bbox 583 1821 733 1897; x_wconf 81' lang='lat' dir='ltr'>(Roziere,</span> <span class='ocrx_word' id='word_1_152' title='bbox 752 1842 780 1903; x_wconf 93' lang='lat' dir='ltr'>p.</span> <span class='ocrx_word' id='word_1_153' title='bbox 795 1824 935 1902; x_wconf 82' lang='lat'>33-36,</span> <span class='ocrx_word' id='word_1_154' title='bbox 953 1823 1013 1884; x_wconf 94' lang='lat' dir='ltr'>No.</span> <span class='ocrx_word' id='word_1_155' title='bbox 1028 1843 1084 1897; x_wconf 82' lang='lat'>223</span> <span class='ocrx_word' id='word_1_156' title='bbox 1104 1824 1221 1904; x_wconf 80' lang='lat' dir='ltr'>Migne,</span> <span class='ocrx_word' id='word_1_157' title='bbox 1239 1823 1348 1884; x_wconf 90' lang='lat' dir='ltr'>Patrol.</span> <span class='ocrx_word' id='word_1_158' title='bbox 1360 1823 1410 1883; x_wconf 90' lang='lat' dir='ltr'>lat.</span> 
     </span>
     <span class='ocr_line' id='line_1_18' title="bbox 105 1909 1411 1996; baseline -0.002 -24"><span class='ocrx_word' id='word_1_159' title='bbox 105 1910 271 1988; x_wconf 86' lang='lat' dir='ltr'>CLXXIX,</span> <span class='ocrx_word' id='word_1_160' title='bbox 290 1931 318 1991; x_wconf 91' lang='lat' dir='ltr'>p.</span> <span class='ocrx_word' id='word_1_161' title='bbox 338 1931 418 1991; x_wconf 82' lang='lat'>903;</span> <span class='ocrx_word' id='word_1_162' title='bbox 443 1911 730 1985; x_wconf 78' lang='lat' dir='ltr'>Jaffe-Luwenfeld,</span> <span class='ocrx_word' id='word_1_163' title='bbox 748 1912 808 1972; x_wconf 87' lang='lat' dir='ltr'>Nn.</span> <span class='ocrx_word' id='word_1_164' title='bbox 828 1912 934 1990; x_wconf 82' lang='lat'>8652).</span> <span class='ocrx_word' id='word_1_165' title='bbox 1026 1928 1046 1990; x_wconf 87' lang='lat'>¹)</span> <span class='ocrx_word' id='word_1_166' title='bbox 1060 1925 1152 1995; x_wconf 82' lang='lat' dir='ltr'>Supra</span> <span class='ocrx_word' id='word_1_167' title='bbox 1164 1925 1218 1979; x_wconf 73' lang='grc' dir='ltr'>ΝΟ,</span> <span class='ocrx_word' id='word_1_168' title='bbox 1231 1943 1285 1996; x_wconf 89' lang='lat'>¹77·</span> <span class='ocrx_word' id='word_1_169' title='bbox 1341 1909 1411 1970; x_wconf 90' lang='grc'>225</span> 
     </span>
    </p>
   </div>
   <div class='ocr_carea' id='block_1_7' title="bbox 104 2017 1413 3620">
    <p class='ocr_par' dir='ltr' id='par_1_7' title="bbox 104 2017 1413 3620">
     <span class='ocr_line' id='line_1_19' title="bbox 189 2017 1411 2100; baseline 0.002 -23"><span class='ocrx_word' id='word_1_170' title='bbox 189 2062 207 2092; x_wconf 95' lang='grc'>,,</span> <span class='ocrx_word' id='word_1_171' title='bbox 254 2063 262 2091; x_wconf 90' lang='grc'>,</span> <span class='ocrx_word' id='word_1_172' title='bbox 281 2017 415 2080; x_wconf 84' lang='lat' dir='ltr'>ind.Vll.</span> <span class='ocrx_word' id='word_1_173' title='bbox 426 2052 470 2060; x_wconf 90' lang='lat'>—</span> <span class='ocrx_word' id='word_1_174' title='bbox 481 2017 654 2079; x_wconf 89' lang='lat' dir='ltr'>Baldninus</span> <span class='ocrx_word' id='word_1_175' title='bbox 665 2018 712 2091; x_wconf 95' lang='lat' dir='ltr'>lll,</span> <span class='ocrx_word' id='word_1_176' title='bbox 724 2038 775 2078; x_wconf 86' lang='lat' dir='ltr'>rex</span> <span class='ocrx_word' id='word_1_177' title='bbox 786 2018 1100 2099; x_wconf 84' lang='lat' dir='ltr'>Hierosolymitanus,</span> <span class='ocrx_word' id='word_1_178' title='bbox 1111 2018 1308 2100; x_wconf 80' lang='lat' dir='ltr'>privilegium</span> <span class='ocrx_word' id='word_1_179' title='bbox 1319 2038 1411 2099; x_wconf 89' lang='lat' dir='ltr'>supra</span> 
     </span>
     <span class='ocr_line' id='line_1_20' title="bbox 106 2106 1411 2189; baseline 0.002 -23"><span class='ocrx_word' id='word_1_180' title='bbox 106 2106 256 2186; x_wconf 85' lang='lat' dir='ltr'>(N0.174)</span> <span class='ocrx_word' id='word_1_181' title='bbox 267 2108 425 2168; x_wconf 87' lang='lat' dir='ltr'>laudatum</span> <span class='ocrx_word' id='word_1_182' title='bbox 438 2127 593 2168; x_wconf 90' lang='lat' dir='ltr'>consensu</span> <span class='ocrx_word' id='word_1_183' title='bbox 602 2107 763 2169; x_wconf 91' lang='lat' dir='ltr'>Guillelmi</span> <span class='ocrx_word' id='word_1_184' title='bbox 774 2108 794 2182; x_wconf 85' lang='lat' dir='ltr'>l,</span> <span class='ocrx_word' id='word_1_185' title='bbox 805 2108 991 2189; x_wconf 83' lang='lat' dir='ltr'>patriarchae</span> <span class='ocrx_word' id='word_1_186' title='bbox 1002 2108 1289 2189; x_wconf 88' lang='lat' dir='ltr'>Hierosolymitani,</span> <span class='ocrx_word' id='word_1_187' title='bbox 1299 2109 1377 2169; x_wconf 89' lang='lat' dir='ltr'>Petri</span> <span class='ocrx_word' id='word_1_188' title='bbox 1390 2109 1411 2185; x_wconf 94' lang='lat' dir='ltr'>l,</span> 
     </span>
     <span class='ocr_line' id='line_1_21' title="bbox 105 2195 1411 2278; baseline 0.001 -21"><span class='ocrx_word' id='word_1_189' title='bbox 105 2195 136 2257; x_wconf 94' lang='lat' dir='ltr'>S.</span> <span class='ocrx_word' id='word_1_190' title='bbox 155 2196 317 2277; x_wconf 90' lang='lat' dir='ltr'>Sepulchri</span> <span class='ocrx_word' id='word_1_191' title='bbox 335 2197 454 2277; x_wconf 91' lang='lat' dir='ltr'>prioris,</span> <span class='ocrx_word' id='word_1_192' title='bbox 473 2217 527 2278; x_wconf 88' lang='lat' dir='ltr'>per</span> <span class='ocrx_word' id='word_1_193' title='bbox 544 2216 673 2258; x_wconf 91' lang='lat' dir='ltr'>manum</span> <span class='ocrx_word' id='word_1_194' title='bbox 691 2197 835 2273; x_wconf 86' lang='lat' dir='ltr'>Matildis,</span> <span class='ocrx_word' id='word_1_195' title='bbox 852 2198 1019 2258; x_wconf 85' lang='lat' dir='ltr'>abbatissae</span> <span class='ocrx_word' id='word_1_196' title='bbox 1037 2197 1066 2259; x_wconf 89' lang='lat' dir='ltr'>S.</span> <span class='ocrx_word' id='word_1_197' title='bbox 1077 2197 1180 2258; x_wconf 88' lang='lat' dir='ltr'>Lazari</span> <span class='ocrx_word' id='word_1_198' title='bbox 1198 2198 1235 2258; x_wconf 94' lang='lat' dir='ltr'>de</span> <span class='ocrx_word' id='word_1_199' title='bbox 1252 2197 1411 2276; x_wconf 84' lang='lat' dir='ltr'>Bethania,</span> 
     </span>
     <span class='ocr_line' id='line_1_22' title="bbox 105 2284 1410 2368; baseline 0.001 -23"><span class='ocrx_word' id='word_1_200' title='bbox 105 2284 208 2366; x_wconf 88' lang='lat' dir='ltr'>sigillo</span> <span class='ocrx_word' id='word_1_201' title='bbox 231 2284 402 2346; x_wconf 88' lang='lat' dir='ltr'>confirmat.</span> <span class='ocrx_word' id='word_1_202' title='bbox 419 2320 463 2329; x_wconf 89' lang='lat'><em>-</em></span> <span class='ocrx_word' id='word_1_203' title='bbox 479 2285 677 2363; x_wconf 90' lang='lat' dir='ltr'>Guillelmus,</span> <span class='ocrx_word' id='word_1_204' title='bbox 702 2287 870 2368; x_wconf 91' lang='lat' dir='ltr'>patriarcha</span> <span class='ocrx_word' id='word_1_205' title='bbox 890 2287 1204 2367; x_wconf 89' lang='lat' dir='ltr'>Hierosolymitanus,</span> <span class='ocrx_word' id='word_1_206' title='bbox 1228 2286 1410 2360; x_wconf 90' lang='lat' dir='ltr'>Balduinus,</span> 
     </span>
     <span class='ocr_line' id='line_1_23' title="bbox 106 2375 1410 2457; baseline 0 -21"><span class='ocrx_word' id='word_1_207' title='bbox 106 2375 323 2452; x_wconf 83' lang='lat' dir='ltr'>Caesariensis,</span> <span class='ocrx_word' id='word_1_208' title='bbox 350 2376 516 2452; x_wconf 89' lang='lat' dir='ltr'>Robertus,</span> <span class='ocrx_word' id='word_1_209' title='bbox 542 2377 731 2451; x_wconf 86' lang='lat' dir='ltr'>Nazarenus,</span> <span class='ocrx_word' id='word_1_210' title='bbox 757 2376 989 2457; x_wconf 90' lang='lat' dir='ltr'>archiepiscopi,</span> <span class='ocrx_word' id='word_1_211' title='bbox 1020 2376 1135 2454; x_wconf 89' lang='lat' dir='ltr'>Helias,</span> <span class='ocrx_word' id='word_1_212' title='bbox 1161 2376 1410 2457; x_wconf 85' lang='lat' dir='ltr'>Tyberiadensis,</span> 
     </span>
     <span class='ocr_line' id='line_1_24' title="bbox 105 2464 1410 2547; baseline 0.002 -23"><span class='ocrx_word' id='word_1_213' title='bbox 105 2464 272 2543; x_wconf 85' lang='lat' dir='ltr'>Rogerius,</span> <span class='ocrx_word' id='word_1_214' title='bbox 284 2465 510 2540; x_wconf 88' lang='lat' dir='ltr'>Ramathensis,</span> <span class='ocrx_word' id='word_1_215' title='bbox 528 2466 701 2543; x_wconf 85' lang='lat' dir='ltr'>Reinerius,</span> <span class='ocrx_word' id='word_1_216' title='bbox 719 2467 919 2544; x_wconf 88' lang='lat' dir='ltr'>Sebastensis,</span> <span class='ocrx_word' id='word_1_217' title='bbox 931 2465 1078 2547; x_wconf 89' lang='lat' dir='ltr'>episcopi,</span> <span class='ocrx_word' id='word_1_218' title='bbox 1094 2466 1275 2542; x_wconf 83' lang='lat' dir='ltr'>Gaufridus,</span> <span class='ocrx_word' id='word_1_219' title='bbox 1285 2466 1410 2546; x_wconf 89' lang='lat' dir='ltr'>Templi</span> 
     </span>
     <span class='ocr_line' id='line_1_25' title="bbox 107 2554 1411 2636; baseline 0 -22"><span class='ocrx_word' id='word_1_220' title='bbox 107 2554 246 2627; x_wconf 91' lang='lat' dir='ltr'>Domini,</span> <span class='ocrx_word' id='word_1_221' title='bbox 274 2554 503 2632; x_wconf 88' lang='lat' dir='ltr'>Sehebraudus,</span> <span class='ocrx_word' id='word_1_222' title='bbox 530 2555 560 2617; x_wconf 89' lang='lat' dir='ltr'>S.</span> <span class='ocrx_word' id='word_1_223' title='bbox 581 2556 694 2616; x_wconf 90' lang='lat' dir='ltr'>Mariae</span> <span class='ocrx_word' id='word_1_224' title='bbox 720 2556 855 2632; x_wconf 88' lang='lat' dir='ltr'>Latinae,</span> <span class='ocrx_word' id='word_1_225' title='bbox 881 2557 1014 2632; x_wconf 84' lang='lat' dir='ltr'>abbates,</span> <span class='ocrx_word' id='word_1_226' title='bbox 1040 2556 1157 2632; x_wconf 90' lang='lat' dir='ltr'>Petrus,</span> <span class='ocrx_word' id='word_1_227' title='bbox 1184 2556 1213 2616; x_wconf 90' lang='lat' dir='ltr'>S.</span> <span class='ocrx_word' id='word_1_228' title='bbox 1239 2555 1411 2636; x_wconf 89' lang='lat' dir='ltr'>Sepulchri,</span> 
     </span>
     <span class='ocr_line' id='line_1_26' title="bbox 107 2643 1413 2726; baseline 0.002 -24"><span class='ocrx_word' id='word_1_229' title='bbox 107 2643 273 2721; x_wconf 86' lang='lat' dir='ltr'>Henricus,</span> <span class='ocrx_word' id='word_1_230' title='bbox 291 2644 408 2704; x_wconf 88' lang='lat' dir='ltr'>Montis</span> <span class='ocrx_word' id='word_1_231' title='bbox 425 2644 548 2721; x_wconf 88' lang='lat' dir='ltr'>Oliveti,</span> <span class='ocrx_word' id='word_1_232' title='bbox 566 2645 694 2726; x_wconf 87' lang='lat' dir='ltr'>priores,</span> <span class='ocrx_word' id='word_1_233' title='bbox 713 2644 921 2723; x_wconf 85' lang='lat' dir='ltr'>Raimundns,</span> <span class='ocrx_word' id='word_1_234' title='bbox 945 2644 1090 2724; x_wconf 86' lang='lat' dir='ltr'>magister</span> <span class='ocrx_word' id='word_1_235' title='bbox 1106 2644 1286 2726; x_wconf 85' lang='lat' dir='ltr'>Hospitalis,</span> <span class='ocrx_word' id='word_1_236' title='bbox 1304 2645 1413 2706; x_wconf 88' lang='lat' dir='ltr'>Petrus</span> 
     </span>
     <span class='ocr_line' id='line_1_27' title="bbox 106 2732 1412 2815; baseline 0 -21"><span class='ocrx_word' id='word_1_237' title='bbox 106 2732 277 2810; x_wconf 89' lang='lat' dir='ltr'>Guillelmi,</span> <span class='ocrx_word' id='word_1_238' title='bbox 294 2732 471 2814; x_wconf 88' lang='lat' dir='ltr'>Stephanus</span> <span class='ocrx_word' id='word_1_239' title='bbox 487 2735 525 2794; x_wconf 91' lang='lat' dir='ltr'>de</span> <span class='ocrx_word' id='word_1_240' title='bbox 542 2734 678 2815; x_wconf 89' lang='lat' dir='ltr'>Capella,</span> <span class='ocrx_word' id='word_1_241' title='bbox 703 2734 892 2796; x_wconf 90' lang='lat' dir='ltr'>Guillelmus</span> <span class='ocrx_word' id='word_1_242' title='bbox 908 2734 1023 2810; x_wconf 88' lang='lat' dir='ltr'>Fauco,</span> <span class='ocrx_word' id='word_1_243' title='bbox 1047 2733 1218 2795; x_wconf 84' lang='lat' dir='ltr'>Gaufridus</span> <span class='ocrx_word' id='word_1_244' title='bbox 1235 2750 1263 2794; x_wconf 91' lang='lat' dir='ltr'>et</span> <span class='ocrx_word' id='word_1_245' title='bbox 1281 2733 1412 2795; x_wconf 89' lang='lat' dir='ltr'>Fulche-</span> 
     </span>
     <span class='ocr_line' id='line_1_28' title="bbox 106 2821 1413 2904; baseline 0 -22"><span class='ocrx_word' id='word_1_246' title='bbox 106 2822 181 2897; x_wconf 90' lang='lat' dir='ltr'>rius,</span> <span class='ocrx_word' id='word_1_247' title='bbox 209 2821 313 2884; x_wconf 84' lang='lat' dir='ltr'>fratres</span> <span class='ocrx_word' id='word_1_248' title='bbox 338 2822 474 2903; x_wconf 89' lang='lat' dir='ltr'>Templi,</span> <span class='ocrx_word' id='word_1_249' title='bbox 501 2822 702 2900; x_wconf 84' lang='lat' dir='ltr'>Godefridus,</span> <span class='ocrx_word' id='word_1_250' title='bbox 728 2823 936 2884; x_wconf 89' lang='lat' dir='ltr'>thesaurarius</span> <span class='ocrx_word' id='word_1_251' title='bbox 963 2824 993 2884; x_wconf 92' lang='lat' dir='ltr'>S.</span> <span class='ocrx_word' id='word_1_252' title='bbox 1018 2823 1191 2904; x_wconf 90' lang='lat' dir='ltr'>Sepulchri,</span> <span class='ocrx_word' id='word_1_253' title='bbox 1223 2822 1413 2885; x_wconf 89' lang='lat' dir='ltr'>Guillelmus</span> 
     </span>
     <span class='ocr_line' id='line_1_29' title="bbox 106 2911 1412 2992; baseline 0.002 -21"><span class='ocrx_word' id='word_1_254' title='bbox 106 2911 309 2992; x_wconf 84' lang='lat' dir='ltr'>praepositus,</span> <span class='ocrx_word' id='word_1_255' title='bbox 327 2912 434 2973; x_wconf 88' lang='lat' dir='ltr'>Petrus</span> <span class='ocrx_word' id='word_1_256' title='bbox 452 2912 609 2987; x_wconf 87' lang='lat' dir='ltr'>Bernardi,</span> <span class='ocrx_word' id='word_1_257' title='bbox 627 2913 734 2974; x_wconf 91' lang='lat' dir='ltr'>Petrus</span> <span class='ocrx_word' id='word_1_258' title='bbox 750 2913 1022 2988; x_wconf 89' lang='lat' dir='ltr'>Barchinonensis,</span> <span class='ocrx_word' id='word_1_259' title='bbox 1039 2913 1219 2990; x_wconf 86' lang='lat' dir='ltr'>Nicholaus‚</span> <span class='ocrx_word' id='word_1_260' title='bbox 1231 2913 1412 2973; x_wconf 81' lang='lat' dir='ltr'>Lamberrus</span> 
     </span>
     <span class='ocr_line' id='line_1_30' title="bbox 106 3000 1412 3082; baseline 0.001 -20"><span class='ocrx_word' id='word_1_261' title='bbox 106 3000 253 3079; x_wconf 88' lang='lat' dir='ltr'>Grossns,</span> <span class='ocrx_word' id='word_1_262' title='bbox 270 3002 459 3062; x_wconf 89' lang='lat' dir='ltr'>Bertrandus</span> <span class='ocrx_word' id='word_1_263' title='bbox 476 3003 513 3062; x_wconf 89' lang='lat' dir='ltr'>de</span> <span class='ocrx_word' id='word_1_264' title='bbox 531 3002 640 3079; x_wconf 86' lang='lat' dir='ltr'>Podio,</span> <span class='ocrx_word' id='word_1_265' title='bbox 659 3003 803 3082; x_wconf 79' lang='lat' dir='ltr'>magister</span> <span class='ocrx_word' id='word_1_266' title='bbox 818 3003 911 3078; x_wconf 90' lang='lat' dir='ltr'>Beda,</span> <span class='ocrx_word' id='word_1_267' title='bbox 929 3002 1074 3072; x_wconf 83' lang='lat' dir='ltr'>Obertus,</span> <span class='ocrx_word' id='word_1_268' title='bbox 1090 3001 1251 3077; x_wconf 86' lang='lat' dir='ltr'>Gamaliel,</span> <span class='ocrx_word' id='word_1_269' title='bbox 1266 3001 1412 3063; x_wconf 90' lang='lat' dir='ltr'>Giraldus</span> 
     </span>
     <span class='ocr_line' id='line_1_31' title="bbox 104 3089 1411 3171; baseline 0.002 -22"><span class='ocrx_word' id='word_1_270' title='bbox 104 3089 280 3166; x_wconf 86' lang='lat' dir='ltr'>Bastardus,</span> <span class='ocrx_word' id='word_1_271' title='bbox 306 3090 421 3151; x_wconf 88' lang='lat' dir='ltr'>Moises</span> <span class='ocrx_word' id='word_1_272' title='bbox 446 3091 602 3171; x_wconf 80' lang='lat' dir='ltr'>(Moyses),</span> <span class='ocrx_word' id='word_1_273' title='bbox 626 3092 817 3170; x_wconf 83' lang='lat' dir='ltr'>Bonefatius,</span> <span class='ocrx_word' id='word_1_274' title='bbox 842 3093 1009 3165; x_wconf 84' lang='lat' dir='ltr'>Eurardus,</span> <span class='ocrx_word' id='word_1_275' title='bbox 1035 3092 1190 3153; x_wconf 85' lang='lat' dir='ltr'>Robertus</span> <span class='ocrx_word' id='word_1_276' title='bbox 1211 3092 1411 3167; x_wconf 86' lang='lat' dir='ltr'>Acconensis,</span> 
     </span>
     <span class='ocr_line' id='line_1_32' title="bbox 106 3177 1412 3259; baseline 0.002 -20"><span class='ocrx_word' id='word_1_277' title='bbox 106 3177 295 3240; x_wconf 85' lang='lat' dir='ltr'>Guillelmus</span> <span class='ocrx_word' id='word_1_278' title='bbox 304 3180 501 3258; x_wconf 86' lang='lat' dir='ltr'>Berithensis,</span> <span class='ocrx_word' id='word_1_279' title='bbox 511 3180 699 3242; x_wconf 91' lang='lat' dir='ltr'>Guillelmus</span> <span class='ocrx_word' id='word_1_280' title='bbox 709 3180 873 3259; x_wconf 78' lang='lat' dir='ltr'>Anglicus3</span> <span class='ocrx_word' id='word_1_281' title='bbox 887 3182 923 3241; x_wconf 92' lang='lat' dir='ltr'>de</span> <span class='ocrx_word' id='word_1_282' title='bbox 936 3181 1118 3242; x_wconf 88' lang='lat' dir='ltr'>baronibus:</span> <span class='ocrx_word' id='word_1_283' title='bbox 1129 3181 1286 3258; x_wconf 89' lang='lat' dir='ltr'>Balianus,</span> <span class='ocrx_word' id='word_1_284' title='bbox 1298 3181 1412 3242; x_wconf 88' lang='lat' dir='ltr'>Reine-</span> 
     </span>
     <span class='ocr_line' id='line_1_33' title="bbox 104 3268 1412 3348; baseline 0.001 -19"><span class='ocrx_word' id='word_1_285' title='bbox 104 3269 169 3330; x_wconf 89' lang='lat' dir='ltr'>rius</span> <span class='ocrx_word' id='word_1_286' title='bbox 186 3268 413 3345; x_wconf 88' lang='lat' dir='ltr'>Ramathensis,</span> <span class='ocrx_word' id='word_1_287' title='bbox 430 3269 602 3331; x_wconf 86' lang='lat' dir='ltr'>Joscelinus</span> <span class='ocrx_word' id='word_1_288' title='bbox 620 3270 657 3330; x_wconf 90' lang='lat' dir='ltr'>de</span> <span class='ocrx_word' id='word_1_289' title='bbox 674 3270 830 3343; x_wconf 87' lang='lat' dir='ltr'>Cortenai,</span> <span class='ocrx_word' id='word_1_290' title='bbox 842 3270 998 3332; x_wconf 88' lang='lat' dir='ltr'>Galterius</span> <span class='ocrx_word' id='word_1_291' title='bbox 1015 3271 1213 3348; x_wconf 90' lang='lat' dir='ltr'>Berithensis,</span> <span class='ocrx_word' id='word_1_292' title='bbox 1225 3270 1412 3347; x_wconf 75' lang='lat' dir='ltr'>Ro(h)ardus</span> 
     </span>
     <span class='ocr_line' id='line_1_34' title="bbox 105 3358 1411 3437; baseline 0.003 -21"><span class='ocrx_word' id='word_1_293' title='bbox 105 3358 286 3436; x_wconf 86' lang='lat' dir='ltr'>vicecomes,</span> <span class='ocrx_word' id='word_1_294' title='bbox 305 3359 387 3420; x_wconf 92' lang='lat' dir='ltr'>Sado</span> <span class='ocrx_word' id='word_1_295' title='bbox 403 3360 616 3437; x_wconf 88' lang='lat' dir='ltr'>marescalcus,</span> <span class='ocrx_word' id='word_1_296' title='bbox 633 3361 809 3421; x_wconf 88' lang='lat' dir='ltr'>Bernardns</span> <span class='ocrx_word' id='word_1_297' title='bbox 820 3360 1000 3435; x_wconf 89' lang='lat' dir='ltr'>Vacherins,</span> <span class='ocrx_word' id='word_1_298' title='bbox 1017 3359 1186 3421; x_wconf 84' lang='lat' dir='ltr'>Gaufridus</span> <span class='ocrx_word' id='word_1_299' title='bbox 1202 3365 1295 3437; x_wconf 84' lang='lat' dir='ltr'>Acus,</span> <span class='ocrx_word' id='word_1_300' title='bbox 1312 3360 1411 3420; x_wconf 91' lang='lat' dir='ltr'>Tose-</span> 
     </span>
     <span class='ocr_line' id='line_1_35' title="bbox 104 3447 1411 3530; baseline 0.001 -22"><span class='ocrx_word' id='word_1_301' title='bbox 104 3463 165 3525; x_wconf 75' lang='grc' dir='ltr'>ωε,</span> <span class='ocrx_word' id='word_1_302' title='bbox 182 3447 334 3508; x_wconf 89' lang='lat' dir='ltr'>lmbertus</span> <span class='ocrx_word' id='word_1_303' title='bbox 350 3448 388 3509; x_wconf 92' lang='lat' dir='ltr'>de</span> <span class='ocrx_word' id='word_1_304' title='bbox 405 3448 463 3508; x_wconf 89' lang='lat' dir='ltr'>Bar</span> <span class='ocrx_word' id='word_1_305' title='bbox 486 3448 636 3525; x_wconf 80' lang='lat' dir='ltr'>(Roziere,</span> <span class='ocrx_word' id='word_1_306' title='bbox 661 3470 690 3530; x_wconf 94' lang='lat' dir='ltr'>p.</span> <span class='ocrx_word' id='word_1_307' title='bbox 710 3450 851 3529; x_wconf 81' lang='lat'>65-68,</span> <span class='ocrx_word' id='word_1_308' title='bbox 869 3451 929 3511; x_wconf 92' lang='grc' dir='ltr'>Νο.</span> <span class='ocrx_word' id='word_1_309' title='bbox 950 3469 1006 3528; x_wconf 83' lang='lat'>34;</span> <span class='ocrx_word' id='word_1_310' title='bbox 1040 3449 1112 3510; x_wconf 92' lang='lat' dir='ltr'>Lois</span> <span class='ocrx_word' id='word_1_311' title='bbox 1130 3447 1187 3529; x_wconf 80' lang='lat' dir='ltr'>[ed.</span> <span class='ocrx_word' id='word_1_312' title='bbox 1206 3447 1358 3529; x_wconf 86' lang='lat' dir='ltr'>Beugnot]</span> <span class='ocrx_word' id='word_1_313' title='bbox 1377 3450 1411 3522; x_wconf 85' lang='grc' dir='ltr'>ΙΙ,</span> 
     </span>
     <span class='ocr_line' id='line_1_36' title="bbox 105 3536 1413 3620; baseline -0.001 -23"><span class='ocrx_word' id='word_1_314' title='bbox 105 3555 135 3618; x_wconf 86' lang='lat' dir='ltr'>p.</span> <span class='ocrx_word' id='word_1_315' title='bbox 157 3539 340 3617; x_wconf 81' lang='lat'>507-508,</span> <span class='ocrx_word' id='word_1_316' title='bbox 359 3539 418 3599; x_wconf 95' lang='lat' dir='ltr'>N0.</span> <span class='ocrx_word' id='word_1_317' title='bbox 439 3539 478 3599; x_wconf 82' lang='lat'>26</span> <span class='ocrx_word' id='word_1_318' title='bbox 498 3536 544 3617; x_wconf 89' lang='lat' dir='ltr'>[ad</span> <span class='ocrx_word' id='word_1_319' title='bbox 569 3537 677 3619; x_wconf 75' lang='lat' dir='ltr'>1143l;</span> <span class='ocrx_word' id='word_1_320' title='bbox 704 3539 821 3619; x_wconf 73' lang='lat' dir='ltr'>Miglis,</span> <span class='ocrx_word' id='word_1_321' title='bbox 839 3559 868 3620; x_wconf 92' lang='lat' dir='ltr'>p.</span> <span class='ocrx_word' id='word_1_322' title='bbox 893 3558 1117 3618; x_wconf 76' lang='lat'>1127-1129,</span> <span class='ocrx_word' id='word_1_323' title='bbox 1135 3540 1194 3600; x_wconf 93' lang='lat' dir='ltr'>No.</span> <span class='ocrx_word' id='word_1_324' title='bbox 1215 3541 1276 3619; x_wconf 78' lang='lat'>34).</span> <span class='ocrx_word' id='word_1_325' title='bbox 1341 3536 1413 3597; x_wconf 88' lang='grc'>226</span> 
     </span>
    </p>
   </div>
   <div class='ocr_carea' id='block_1_8' title="bbox 103 3643 1412 4352">
    <p class='ocr_par' dir='ltr' id='par_1_8' title="bbox 103 3643 1412 4352">
     <span class='ocr_line' id='line_1_37' title="bbox 187 3643 1412 3727; baseline 0.002 -24"><span class='ocrx_word' id='word_1_326' title='bbox 187 3690 204 3719; x_wconf 85' lang='grc'>,,</span> <span class='ocrx_word' id='word_1_327' title='bbox 256 3678 294 3688; x_wconf 83' lang='lat'>—</span> <span class='ocrx_word' id='word_1_328' title='bbox 312 3643 513 3721; x_wconf 74' lang='lat' dir='ltr'>Ballldwinus</span> <span class='ocrx_word' id='word_1_329' title='bbox 537 3645 585 3718; x_wconf 83' lang='lat'>111,</span> <span class='ocrx_word' id='word_1_330' title='bbox 611 3666 662 3706; x_wconf 86' lang='lat' dir='ltr'>rex</span> <span class='ocrx_word' id='word_1_331' title='bbox 684 3646 998 3727; x_wconf 88' lang='lat' dir='ltr'>Hierosolymitanus,</span> <span class='ocrx_word' id='word_1_332' title='bbox 1023 3665 1178 3708; x_wconf 89' lang='lat' dir='ltr'>consensu</span> <span class='ocrx_word' id='word_1_333' title='bbox 1202 3647 1306 3707; x_wconf 88' lang='lat' dir='ltr'>matris</span> <span class='ocrx_word' id='word_1_334' title='bbox 1331 3647 1412 3706; x_wconf 87' lang='lat' dir='ltr'>lvlili·</span> 
     </span>
     <span class='ocr_line' id='line_1_38' title="bbox 104 3733 1411 3816; baseline 0.002 -23"><span class='ocrx_word' id='word_1_335' title='bbox 104 3733 209 3794; x_wconf 90' lang='lat' dir='ltr'>sendis</span> <span class='ocrx_word' id='word_1_336' title='bbox 226 3733 359 3811; x_wconf 92' lang='lat' dir='ltr'>donum,</span> <span class='ocrx_word' id='word_1_337' title='bbox 378 3735 463 3814; x_wconf 92' lang='lat' dir='ltr'>quod</span> <span class='ocrx_word' id='word_1_338' title='bbox 483 3734 580 3795; x_wconf 86' lang='lat' dir='ltr'>Fulco</span> <span class='ocrx_word' id='word_1_339' title='bbox 596 3755 649 3795; x_wconf 88' lang='lat' dir='ltr'>rex</span> <span class='ocrx_word' id='word_1_340' title='bbox 666 3751 695 3795; x_wconf 88' lang='lat' dir='ltr'>et</span> <span class='ocrx_word' id='word_1_341' title='bbox 712 3737 790 3796; x_wconf 76' lang='lat' dir='ltr'>dicta</span> <span class='ocrx_word' id='word_1_342' title='bbox 806 3736 912 3816; x_wconf 82' lang='lat' dir='ltr'>regina</span> <span class='ocrx_word' id='word_1_343' title='bbox 929 3736 1058 3816; x_wconf 88' lang='lat' dir='ltr'>leprosis</span> <span class='ocrx_word' id='word_1_344' title='bbox 1084 3736 1114 3797; x_wconf 94' lang='lat' dir='ltr'>S.</span> <span class='ocrx_word' id='word_1_345' title='bbox 1133 3737 1237 3796; x_wconf 87' lang='lat' dir='ltr'>Lazari</span> <span class='ocrx_word' id='word_1_346' title='bbox 1254 3737 1411 3811; x_wconf 88' lang='lat' dir='ltr'>dederant,</span> 
     </span>
     <span class='ocr_line' id='line_1_39' title="bbox 104 3821 1412 3906; baseline 0.002 -24"><span class='ocrx_word' id='word_1_347' title='bbox 104 3821 206 3901; x_wconf 84' lang='lat' dir='ltr'>sigillo</span> <span class='ocrx_word' id='word_1_348' title='bbox 224 3822 387 3883; x_wconf 87' lang='lat' dir='ltr'>confirmat</span> <span class='ocrx_word' id='word_1_349' title='bbox 402 3823 516 3884; x_wconf 89' lang='lat' dir='ltr'>scilicet</span> <span class='ocrx_word' id='word_1_350' title='bbox 539 3840 635 3885; x_wconf 89' lang='lat' dir='ltr'>terrae</span> <span class='ocrx_word' id='word_1_351' title='bbox 660 3826 772 3905; x_wconf 89' lang='lat' dir='ltr'>petiam</span> <span class='ocrx_word' id='word_1_352' title='bbox 797 3841 825 3886; x_wconf 94' lang='lat' dir='ltr'>et</span> <span class='ocrx_word' id='word_1_353' title='bbox 848 3825 981 3900; x_wconf 90' lang='lat' dir='ltr'>vineam,</span> <span class='ocrx_word' id='word_1_354' title='bbox 1006 3844 1101 3904; x_wconf 89' lang='lat' dir='ltr'>quam</span> <span class='ocrx_word' id='word_1_355' title='bbox 1125 3826 1180 3906; x_wconf 89' lang='lat' dir='ltr'>ipsi</span> <span class='ocrx_word' id='word_1_356' title='bbox 1205 3825 1317 3906; x_wconf 91' lang='lat' dir='ltr'>leprosi</span> <span class='ocrx_word' id='word_1_357' title='bbox 1343 3842 1412 3905; x_wconf 87' lang='lat' dir='ltr'>post</span> 
     </span>
     <span class='ocr_line' id='line_1_40' title="bbox 105 3911 1411 3995; baseline 0.002 -24"><span class='ocrx_word' id='word_1_358' title='bbox 105 3911 214 3972; x_wconf 84' lang='lat' dir='ltr'>factam</span> <span class='ocrx_word' id='word_1_359' title='bbox 241 3913 443 3973; x_wconf 91' lang='lat' dir='ltr'>donationem</span> <span class='ocrx_word' id='word_1_360' title='bbox 469 3913 501 3974; x_wconf 89' lang='lat' dir='ltr'>iu</span> <span class='ocrx_word' id='word_1_361' title='bbox 528 3912 667 3991; x_wconf 87' lang='lat' dir='ltr'>ejusdem</span> <span class='ocrx_word' id='word_1_362' title='bbox 694 3931 789 3975; x_wconf 90' lang='lat' dir='ltr'>terrae</span> <span class='ocrx_word' id='word_1_363' title='bbox 816 3915 894 3994; x_wconf 90' lang='lat' dir='ltr'>petia</span> <span class='ocrx_word' id='word_1_364' title='bbox 921 3915 1145 3995; x_wconf 87' lang='lat' dir='ltr'>plantaverunt,</span> <span class='ocrx_word' id='word_1_365' title='bbox 1169 3934 1249 3994; x_wconf 88' lang='lat' dir='ltr'>quae</span> <span class='ocrx_word' id='word_1_366' title='bbox 1275 3931 1318 3974; x_wconf 82' lang='lat' dir='ltr'>est</span> <span class='ocrx_word' id='word_1_367' title='bbox 1342 3933 1411 3974; x_wconf 89' lang='lat' dir='ltr'>ante</span> 
     </span>
     <span class='ocr_line' id='line_1_41' title="bbox 104 4002 1409 4082; baseline 0.002 -21"><span class='ocrx_word' id='word_1_368' title='bbox 104 4002 279 4062; x_wconf 89' lang='lat' dir='ltr'>eorundem</span> <span class='ocrx_word' id='word_1_369' title='bbox 296 4002 429 4062; x_wconf 88' lang='lat' dir='ltr'>domum</span> <span class='ocrx_word' id='word_1_370' title='bbox 445 4002 511 4077; x_wconf 88' lang='lat' dir='ltr'>sita,</span> <span class='ocrx_word' id='word_1_371' title='bbox 535 4021 630 4082; x_wconf 91' lang='lat' dir='ltr'>quam</span> <span class='ocrx_word' id='word_1_372' title='bbox 655 4003 752 4064; x_wconf 92' lang='lat' dir='ltr'>Fulco</span> <span class='ocrx_word' id='word_1_373' title='bbox 774 4020 802 4064; x_wconf 91' lang='lat' dir='ltr'>et</span> <span class='ocrx_word' id='word_1_374' title='bbox 822 4003 995 4065; x_wconf 87' lang='lat' dir='ltr'>Milisendis</span> <span class='ocrx_word' id='word_1_375' title='bbox 1015 4024 1031 4064; x_wconf 85' lang='lat' dir='ltr'>a</span> <span class='ocrx_word' id='word_1_376' title='bbox 1051 4004 1184 4064; x_wconf 90' lang='lat' dir='ltr'>Suriano</span> <span class='ocrx_word' id='word_1_377' title='bbox 1204 4019 1351 4064; x_wconf 90' lang='lat' dir='ltr'>emerant.</span> <span class='ocrx_word' id='word_1_378' title='bbox 1372 4037 1409 4045; x_wconf 89' lang='grc'>-</span> 
     </span>
     <span class='ocr_line' id='line_1_42' title="bbox 105 4090 1412 4173; baseline 0.002 -23"><span class='ocrx_word' id='word_1_379' title='bbox 105 4090 282 4165; x_wconf 88' lang='lat' dir='ltr'>Rohardus,</span> <span class='ocrx_word' id='word_1_380' title='bbox 308 4092 481 4153; x_wconf 89' lang='lat' dir='ltr'>vicecomes</span> <span class='ocrx_word' id='word_1_381' title='bbox 507 4091 820 4173; x_wconf 89' lang='lat' dir='ltr'>Hierosolymitanus,</span> <span class='ocrx_word' id='word_1_382' title='bbox 848 4094 1023 4154; x_wconf 90' lang='lat' dir='ltr'>Bernardns</span> <span class='ocrx_word' id='word_1_383' title='bbox 1049 4094 1235 4168; x_wconf 88' lang='lat' dir='ltr'>Vacherins,</span> <span class='ocrx_word' id='word_1_384' title='bbox 1262 4092 1412 4154; x_wconf 89' lang='lat' dir='ltr'>Girardus</span> 
     </span>
     <span class='ocr_line' id='line_1_43' title="bbox 103 4180 1411 4263; baseline 0.001 -23"><span class='ocrx_word' id='word_1_385' title='bbox 103 4180 300 4255; x_wconf 88' lang='lat' dir='ltr'>Passerellus,</span> <span class='ocrx_word' id='word_1_386' title='bbox 319 4181 400 4243; x_wconf 88' lang='lat' dir='ltr'>Sado</span> <span class='ocrx_word' id='word_1_387' title='bbox 418 4182 619 4242; x_wconf 86' lang='lat' dir='ltr'>marescalcus</span> <span class='ocrx_word' id='word_1_388' title='bbox 641 4182 801 4259; x_wconf 83' lang='lat' dir='ltr'>(Cibrari0,</span> <span class='ocrx_word' id='word_1_389' title='bbox 820 4203 849 4263; x_wconf 91' lang='lat' dir='ltr'>p.</span> <span class='ocrx_word' id='word_1_390' title='bbox 870 4202 948 4262; x_wconf 78' lang='lat'>2233</span> <span class='ocrx_word' id='word_1_391' title='bbox 975 4183 1120 4259; x_wconf 89' lang='lat' dir='ltr'>Ferrand,</span> <span class='ocrx_word' id='word_1_392' title='bbox 1139 4202 1168 4263; x_wconf 90' lang='lat' dir='ltr'>p.</span> <span class='ocrx_word' id='word_1_393' title='bbox 1193 4202 1334 4262; x_wconf 85' lang='lat' dir='ltr'>12—r3;</span> <span class='ocrx_word' id='word_1_394' title='bbox 1354 4187 1411 4242; x_wconf 84' lang='lat' dir='ltr'>Ar-</span> 
     </span>
     <span class='ocr_line' id='line_1_44' title="bbox 104 4267 1410 4352; baseline 0 -23"><span class='ocrx_word' id='word_1_395' title='bbox 104 4269 208 4330; x_wconf 90' lang='lat' dir='ltr'>chives</span> <span class='ocrx_word' id='word_1_396' title='bbox 225 4271 263 4331; x_wconf 91' lang='lat' dir='ltr'>de</span> <span class='ocrx_word' id='word_1_397' title='bbox 280 4270 412 4331; x_wconf 81' lang='lat' dir='ltr'>l&#39;Orient</span> <span class='ocrx_word' id='word_1_398' title='bbox 428 4270 502 4332; x_wconf 93' lang='lat' dir='ltr'>latin</span> <span class='ocrx_word' id='word_1_399' title='bbox 520 4272 587 4349; x_wconf 90' lang='lat' dir='ltr'>llB,</span> <span class='ocrx_word' id='word_1_400' title='bbox 606 4291 635 4352; x_wconf 95' lang='lat' dir='ltr'>p.</span> <span class='ocrx_word' id='word_1_401' title='bbox 660 4290 841 4352; x_wconf 84' lang='lat'>124—125,</span> <span class='ocrx_word' id='word_1_402' title='bbox 858 4274 917 4333; x_wconf 94' lang='lat' dir='ltr'>No.</span> <span class='ocrx_word' id='word_1_403' title='bbox 939 4273 977 4352; x_wconf 88' lang='lat'>3).</span> <span class='ocrx_word' id='word_1_404' title='bbox 1341 4267 1410 4329; x_wconf 88' lang='grc'>227</span> 
     </span>
    </p>
   </div>
   <div class='ocr_carea' id='block_1_9' title="bbox 104 4377 1413 4998">
    <p class='ocr_par' dir='ltr' id='par_1_9' title="bbox 104 4377 1413 4998">
     <span class='ocr_line' id='line_1_45' title="bbox 186 4377 1413 4459; baseline 0.003 -23"><span class='ocrx_word' id='word_1_405' title='bbox 186 4423 205 4453; x_wconf 86' lang='grc'>,,</span> <span class='ocrx_word' id='word_1_406' title='bbox 251 4411 294 4420; x_wconf 96' lang='grc'>-</span> <span class='ocrx_word' id='word_1_407' title='bbox 312 4377 510 4439; x_wconf 90' lang='lat' dir='ltr'>Raimundns</span> <span class='ocrx_word' id='word_1_408' title='bbox 527 4378 548 4457; x_wconf 93' lang='lat' dir='ltr'>l,</span> <span class='ocrx_word' id='word_1_409' title='bbox 567 4378 709 4459; x_wconf 90' lang='lat' dir='ltr'>princeps</span> <span class='ocrx_word' id='word_1_410' title='bbox 726 4379 919 4453; x_wconf 85' lang='lat' dir='ltr'>Antiochiae,</span> <span class='ocrx_word' id='word_1_411' title='bbox 944 4398 1016 4439; x_wconf 92' lang='lat' dir='ltr'>cum</span> <span class='ocrx_word' id='word_1_412' title='bbox 1041 4398 1136 4439; x_wconf 83' lang='lat' dir='ltr'>uxore</span> <span class='ocrx_word' id='word_1_413' title='bbox 1154 4379 1334 4441; x_wconf 90' lang='lat' dir='ltr'>Constantia</span> <span class='ocrx_word' id='word_1_414' title='bbox 1359 4399 1413 4459; x_wconf 92' lang='lat' dir='ltr'>per</span> 
     </span>
     <span class='ocr_line' id='line_1_46' title="bbox 104 4465 1411 4549; baseline 0.002 -24"><span class='ocrx_word' id='word_1_415' title='bbox 104 4485 236 4527; x_wconf 92' lang='lat' dir='ltr'>manum</span> <span class='ocrx_word' id='word_1_416' title='bbox 253 4465 425 4527; x_wconf 89' lang='lat' dir='ltr'>Guillielmi</span> <span class='ocrx_word' id='word_1_417' title='bbox 442 4467 576 4528; x_wconf 89' lang='lat' dir='ltr'>Burouis</span> <span class='ocrx_word' id='word_1_418' title='bbox 593 4468 684 4546; x_wconf 87' lang='lat' dir='ltr'>legati</span> <span class='ocrx_word' id='word_1_419' title='bbox 700 4469 908 4530; x_wconf 90' lang='lat' dir='ltr'>Januensibus</span> <span class='ocrx_word' id='word_1_420' title='bbox 931 4468 1098 4549; x_wconf 84' lang='lat' dir='ltr'>privilegia,</span> <span class='ocrx_word' id='word_1_421' title='bbox 1124 4488 1204 4549; x_wconf 91' lang='lat' dir='ltr'>quae</span> <span class='ocrx_word' id='word_1_422' title='bbox 1221 4471 1258 4528; x_wconf 90' lang='lat' dir='ltr'>ab</span> <span class='ocrx_word' id='word_1_423' title='bbox 1275 4484 1411 4529; x_wconf 88' lang='lat' dir='ltr'>auteces-</span> 
     </span>
     <span class='ocr_line' id='line_1_47' title="bbox 104 4555 1411 4637; baseline 0.002 -22"><span class='ocrx_word' id='word_1_424' title='bbox 104 4555 227 4616; x_wconf 89' lang='lat' dir='ltr'>soribus</span> <span class='ocrx_word' id='word_1_425' title='bbox 250 4555 314 4616; x_wconf 90' lang='lat' dir='ltr'>suis</span> <span class='ocrx_word' id='word_1_426' title='bbox 337 4572 526 4636; x_wconf 88' lang='lat' dir='ltr'>acceperant,</span> <span class='ocrx_word' id='word_1_427' title='bbox 550 4556 651 4635; x_wconf 86' lang='lat' dir='ltr'>sigillo</span> <span class='ocrx_word' id='word_1_428' title='bbox 675 4556 846 4619; x_wconf 91' lang='lat' dir='ltr'>confirmat.</span> <span class='ocrx_word' id='word_1_429' title='bbox 864 4592 908 4601; x_wconf 95' lang='lat'><em>-</em></span> <span class='ocrx_word' id='word_1_430' title='bbox 923 4557 1078 4637; x_wconf 84' lang='lat' dir='ltr'>Rogerius</span> <span class='ocrx_word' id='word_1_431' title='bbox 1095 4558 1133 4618; x_wconf 93' lang='lat' dir='ltr'>de</span> <span class='ocrx_word' id='word_1_432' title='bbox 1153 4558 1313 4619; x_wconf 91' lang='lat' dir='ltr'>Montibus</span> <span class='ocrx_word' id='word_1_433' title='bbox 1336 4577 1411 4618; x_wconf 92' lang='lat' dir='ltr'>con-</span> 
     </span>
     <span class='ocr_line' id='line_1_48' title="bbox 104 4643 1411 4726; baseline 0.004 -22"><span class='ocrx_word' id='word_1_434' title='bbox 104 4644 298 4721; x_wconf 88' lang='lat' dir='ltr'>stabularius,</span> <span class='ocrx_word' id='word_1_435' title='bbox 316 4644 381 4705; x_wconf 91' lang='lat' dir='ltr'>Leo</span> <span class='ocrx_word' id='word_1_436' title='bbox 399 4643 590 4726; x_wconf 87' lang='lat' dir='ltr'>Majopulus,</span> <span class='ocrx_word' id='word_1_437' title='bbox 608 4646 671 4707; x_wconf 87' lang='lat' dir='ltr'>dux</span> <span class='ocrx_word' id='word_1_438' title='bbox 689 4647 915 4725; x_wconf 84' lang='lat' dir='ltr'>Antiochenus,</span> <span class='ocrx_word' id='word_1_439' title='bbox 933 4647 1040 4708; x_wconf 89' lang='lat' dir='ltr'>Petrus</span> <span class='ocrx_word' id='word_1_440' title='bbox 1058 4646 1202 4708; x_wconf 84' lang='lat' dir='ltr'>Armonii</span> <span class='ocrx_word' id='word_1_441' title='bbox 1219 4647 1411 4723; x_wconf 87' lang='lat' dir='ltr'>castellanus,</span> 
     </span>
     <span class='ocr_line' id='line_1_49' title="bbox 104 4732 1411 4818; baseline 0.002 -23"><span class='ocrx_word' id='word_1_442' title='bbox 104 4732 251 4795; x_wconf 89' lang='lat' dir='ltr'>Gitterius</span> <span class='ocrx_word' id='word_1_443' title='bbox 268 4735 306 4794; x_wconf 90' lang='lat' dir='ltr'>de</span> <span class='ocrx_word' id='word_1_444' title='bbox 324 4735 451 4812; x_wconf 90' lang='lat' dir='ltr'>Mozon,</span> <span class='ocrx_word' id='word_1_445' title='bbox 464 4735 629 4813; x_wconf 85' lang='lat' dir='ltr'>Robertus,</span> <span class='ocrx_word' id='word_1_446' title='bbox 642 4736 750 4797; x_wconf 86' lang='lat' dir='ltr'>Gaufri</span> <span class='ocrx_word' id='word_1_447' title='bbox 767 4735 858 4812; x_wconf 92' lang='lat' dir='ltr'>filius,</span> <span class='ocrx_word' id='word_1_448' title='bbox 877 4736 1028 4798; x_wconf 90' lang='lat' dir='ltr'>Martinus</span> <span class='ocrx_word' id='word_1_449' title='bbox 1045 4737 1082 4797; x_wconf 94' lang='lat' dir='ltr'>de</span> <span class='ocrx_word' id='word_1_450' title='bbox 1100 4739 1249 4817; x_wconf 86' lang='lat' dir='ltr'>Margato,</span> <span class='ocrx_word' id='word_1_451' title='bbox 1265 4737 1411 4818; x_wconf 89' lang='lat' dir='ltr'>pincerna</span> 
     </span>
     <span class='ocr_line' id='line_1_50' title="bbox 104 4821 1411 4907; baseline 0.005 -25"><span class='ocrx_word' id='word_1_452' title='bbox 104 4821 261 4904; x_wconf 88' lang='lat' dir='ltr'>principis,</span> <span class='ocrx_word' id='word_1_453' title='bbox 279 4822 475 4897; x_wconf 88' lang='lat' dir='ltr'>Gillebertus,</span> <span class='ocrx_word' id='word_1_454' title='bbox 493 4823 634 4903; x_wconf 75' lang='lat' dir='ltr'>ejusdem</span> <span class='ocrx_word' id='word_1_455' title='bbox 650 4825 788 4900; x_wconf 89' lang='lat' dir='ltr'>clericus,</span> <span class='ocrx_word' id='word_1_456' title='bbox 806 4826 861 4906; x_wconf 93' lang='lat' dir='ltr'>qui</span> <span class='ocrx_word' id='word_1_457' title='bbox 877 4827 1012 4887; x_wconf 89' lang='lat' dir='ltr'>chartam</span> <span class='ocrx_word' id='word_1_458' title='bbox 1029 4826 1157 4907; x_wconf 81' lang='lat' dir='ltr'>scripsit,</span> <span class='ocrx_word' id='word_1_459' title='bbox 1174 4828 1315 4888; x_wconf 90' lang='lat' dir='ltr'>Thomas</span> <span class='ocrx_word' id='word_1_460' title='bbox 1332 4826 1411 4888; x_wconf 91' lang='lat' dir='ltr'>vice-</span> 
     </span>
     <span class='ocr_line' id='line_1_51' title="bbox 104 4912 1412 4998; baseline 0.002 -25"><span class='ocrx_word' id='word_1_461' title='bbox 104 4930 220 4974; x_wconf 89' lang='lat' dir='ltr'>comes.</span> <span class='ocrx_word' id='word_1_462' title='bbox 238 4912 368 4974; x_wconf 90' lang='lat' dir='ltr'>Factum</span> <span class='ocrx_word' id='word_1_463' title='bbox 384 4929 429 4975; x_wconf 92' lang='lat' dir='ltr'>est</span> <span class='ocrx_word' id='word_1_464' title='bbox 445 4933 530 4975; x_wconf 90' lang='lat' dir='ltr'>anno</span> <span class='ocrx_word' id='word_1_465' title='bbox 541 4915 731 4997; x_wconf 89' lang='lat' dir='ltr'>principatus</span> <span class='ocrx_word' id='word_1_466' title='bbox 743 4916 795 4978; x_wconf 95' lang='lat' dir='ltr'>Vll</span> <span class='ocrx_word' id='word_1_467' title='bbox 812 4915 914 4992; x_wconf 82' lang='lat' dir='ltr'>(Liber</span> <span class='ocrx_word' id='word_1_468' title='bbox 923 4914 1040 4996; x_wconf 86' lang='lat' dir='ltr'>jurium</span> <span class='ocrx_word' id='word_1_469' title='bbox 1051 4916 1072 4995; x_wconf 90' lang='lat' dir='ltr'>l,</span> <span class='ocrx_word' id='word_1_470' title='bbox 1084 4935 1114 4998; x_wconf 85' lang='lat' dir='ltr'>p.</span> <span class='ocrx_word' id='word_1_471' title='bbox 1126 4917 1179 4998; x_wconf 86' lang='lat'>98,</span> <span class='ocrx_word' id='word_1_472' title='bbox 1191 4917 1251 4978; x_wconf 93' lang='lat' dir='ltr'>No.</span> <span class='ocrx_word' id='word_1_473' title='bbox 1261 4917 1324 4996; x_wconf 78' lang='lat'>95).</span> <span class='ocrx_word' id='word_1_474' title='bbox 1341 4915 1412 4976; x_wconf 88' lang='grc'>228</span> 
     </span>
    </p>
   </div>
   <div class='ocr_carea' id='block_1_10' title="bbox 0 0 1704 5400">
    <p class='ocr_par' dir='ltr' id='par_1_10' title="bbox 0 0 1704 5400">
     <span class='ocr_line' id='line_1_52' title="bbox 0 0 1704 5400; baseline 0 0"><span class='ocrx_word' id='word_1_475' title='bbox 0 0 1704 5400; x_wconf 95' lang='lat' dir='ltr'> </span> 
     </span>
    </p>
   </div>
  </div>
 </body>
</html>
