3398 5400
283 372 323 431 92
850 345 1025 417 Regesta

330 564 421 626 1160
437 567 495 628 ΙιιΙ.
515 587 566 646 25,
584 565 731 627 ind.Vlll.
756 571 873 627 Accon.
893 600 932 609 -—
951 566 1123 627 Balduinus
1139 565 1186 639 ΙΙΙ,
1204 586 1255 627 rex
1272 565 1587 647 Hierosolymitanus,

282 656 533 732 controversiam,
550 676 628 735 quae
653 656 731 716 inter
754 655 856 735 ipsum
880 671 909 716 et
924 656 1092 717 canonicos
1116 656 1146 717 S.
1164 655 1327 737 Sepulchri
1344 656 1382 716 de
1399 655 1587 735 quibusdam

282 746 420 807 Surianis
430 748 615 825 versabatur,
627 745 773 826 disceptat
790 760 818 804 et
834 744 923 805 aliam
941 745 1019 805 inter
1031 745 1241 807 Milissendam
1259 745 1398 824 reginam
1414 760 1443 805 et
1459 745 1587 805 eosdem

282 836 320 895 de
344 835 463 896 villanis
485 835 590 895 casalis
613 832 787 914 Sepulchri,
814 835 900 914 quod
927 834 1038 895 dicitur
1062 834 1212 911 Bethsuri,
1239 834 1314 895 olim
1340 851 1474 895 exortam
1503 853 1589 895 nunc

283 924 445 984 diremtum
461 944 537 1002 esse,
554 924 655 1001 sigillo
671 922 849 994 confirmat;
875 924 1003 984 nomina
1020 943 1093 986 vero
1110 924 1313 986 Susianorum
1330 940 1418 984 sum:
1444 923 1482 984 de
1498 922 1588 984 casali

283 1013 450 1075 Ramatha:
474 1014 604 1075 Cosmas
622 1027 651 1073 et
668 1012 749 1073 filius
765 1011 832 1088 ejus
848 1012 1021 1092 Baraqueth
1046 1013 1222 1090 (Barachet),
1243 1013 1370 1087 Hubeit,
1396 1012 1484 1073 frater
1509 1012 1589 1074 Cos-

283 1122 350 1163 mae
367 1119 396 1163 et
411 1103 555 1163 Teodros
566 1101 762 1179 (Theodros),
780 1101 870 1163 frater
886 1100 962 1178 ejus,
974 1102 1080 1176 Ysaac,
1092 1102 1182 1162 frater
1192 1103 1335 1171 Cosmae,
1347 1101 1448 1163 Yusef
1460 1118 1489 1162 et
1507 1100 1589 1162 lilius

282 1190 349 1269 ejus
360 1193 475 1268 Petros,
486 1192 579 1254 Ubeit
595 1206 625 1252 et
641 1191 732 1251 frater
747 1189 814 1265 ejus
825 1191 915 1266 Elias,
928 1192 1049 1252 Meneia
1065 1207 1192 1252 venator
1202 1207 1231 1253 et
1242 1192 1344 1253 Salem
1354 1211 1447 1251 senex
1458 1189 1588 1271 ejusque

283 1280 364 1341 filius
376 1281 587 1354 Ubeit,lanna
604 1280 733 1360 ejusque
750 1279 833 1342 filius
850 1281 923 1342 Saac
940 1296 969 1341 et
985 1281 1063 1341 alius
1073 1280 1155 1342 filius
1165 1281 1247 1342 Elias
1259 1280 1394 1357 (Helias),
1406 1279 1587 1360 Samulh)el,

283 1370 364 1430 lilius
375 1369 511 1449 Georgii,
529 1369 659 1450 ejusque
677 1370 766 1430 frater
782 1369 865 1439 Faet,
882 1371 989 1446 lanna,
1007 1369 1089 1431 filius
1105 1372 1246 1445 Munsor,
1259 1371 1374 1444 Petros,
1386 1368 1469 1430 lilius
1479 1370 1588 1447 Phara,

282 1459 411 1540 ejusque
433 1459 523 1520 frater
539 1458 664 1520 Samuel
688 1458 873 1537 (Samuhel);
899 1461 936 1520 de
953 1459 1042 1520 casali
1060 1459 1252 1539 Bethelegel:
1277 1458 1389 1535 Salem,
1411 1457 1493 1519 lilius
1510 1463 1590 1519 Azar

282 1548 409 1626 (nazar),
434 1565 463 1609 et
480 1547 570 1609 frater
592 1548 659 1624 ejus
681 1550 787 1623 Janna,
813 1548 900 1623 Saba,
925 1548 1007 1610 filius
1030 1549 1147 1621 Sarsor,
1171 1565 1200 1609 et
1217 1549 1321 1609 fratres
1346 1547 1412 1624 ejus
1437 1552 1542 1610 Aaron
1559 1563 1589 1609 et

281 1639 385 1715 Jacob,
409 1638 524 1712 Helias,
549 1637 639 1698 frater
655 1639 738 1699 Coer
754 1652 783 1698 et
800 1638 913 1698 Brahin
932 1638 1087 1720 (Brahyn),
1111 1638 1194 1699 filius
1210 1636 1287 1717 ejus,
1311 1637 1396 1712 Oies,
1421 1637 1588 1717 Georgius,

283 1726 365 1788 filius
387 1727 516 1803 Zorech,
534 1743 563 1788 et
580 1727 685 1788 fratres
708 1725 774 1804 ejus
797 1727 892 1788 Feeth
910 1744 940 1788 et
955 1728 1096 1802 Hetnon,
1123 1729 1195 1788 Aias
1212 1743 1241 1789 et
1257 1728 1379 1802 Pharas,
1404 1726 1494 1787 frater
1510 1725 1588 1804 ejus,

282 1815 447 1896 Georgius,
459 1816 541 1877 lilius
552 1817 658 1897 Sayth,
668 1816 790 1877 Tedros
801 1817 979 1895 (Thodrosl,
991 1815 1073 1878 filius
1084 1818 1175 1877 Brain
1185 1817 1317 1898 (Brayu),
1335 1815 1465 1895 ejusque
1482 1815 1590 1877 fratres

282 1906 375 1967 Ubeit
385 1922 414 1967 et
423 1905 554 1968 Basilius
564 1920 594 1967 et
605 1906 684 1966 Elias
699 1906 889 1983 moniculus,
901 1906 1015 1980 Helias,
1027 1906 1108 1967 lilius
1118 1905 1230 1981 Jumel,
1240 1906 1348 1978 Janua,
1361 1905 1442 1966 filius
1454 1904 1588 1979 Rofehe,

282 1993 411 2075 ejusque
429 1997 518 2056 frater
535 1995 648 2073 Salem,
666 1996 781 2072 Petrus,
799 1994 880 2056 filius
897 1995 1034 2074 Georgii,
1059 1995 1188 2076 ejusque
1205 1995 1304 2067 frater,
1322 1995 1488 2074 Georgius,
1506 1992 1589 2055 filius

282 2085 403 2164 Japhar,
421 2100 450 2145 et
466 2084 549 2146 filius
560 2083 627 2160 eius
638 2085 751 2145 Brahin
769 2101 798 2145 et
815 2085 899 2161 Saac,
912 2084 1002 2145 frater
1017 2083 1094 2163 ejus,
1106 2084 1260 2162 Georgius
1276 2099 1305 2145 et
1321 2083 1403 2145 lilius
1420 2082 1487 2160 ejus
1498 2083 1588 2161 Saba,

282 2173 363 2234 Elias
380 2174 554 2234 cimetarius
571 2189 600 2234 et
616 2174 707 2246 Elias,
724 2173 805 2234 filius
821 2174 948 2254 Japhar;
968 2175 1005 2234 de
1023 2174 1164 2234 Aithara:
1183 2173 1296 2249 Salem,
1314 2173 1395 2233 filius
1412 2173 1588 2249 Messalem‚

282 2279 312 2323 et
329 2263 403 2324 Saac
422 2260 470 2342 [et]
488 2262 578 2323 frater
594 2261 661 2340 ejus
677 2263 768 2340 Elias,
792 2264 893 2324 Braim
911 2263 1055 2344 (Braym),
1072 2262 1153 2324 filius
1170 2263 1308 2341 Georgii,
1327 2262 1488 2339 Martinus,
1505 2261 1589 2323 filius

284 2357 367 2433 Ayza
385 2352 490 2429 (hiza),
508 2352 657 2413 Salomon
674 2368 703 2413 et
719 2350 801 2412 filius
817 2351 883 2429 ejus
899 2353 1041 2430 Cosmus,
1057 2352 1206 2414 Thodros
1222 2368 1251 2413 et
1266 2353 1395 2424 loanna,
1413 2350 1494 2412 lilius
1510 2349 1588 2430 ejus,

283 2457 311 2501 et
328 2442 424 2502 Ysaac
441 2440 552 2519 (Saac);
579 2442 617 2502 de
634 2440 837 2503 Canlandria:
864 2443 1004 2516 Cosmas,
1029 2442 1160 2503 Semaan
1183 2457 1213 2502 et
1228 2440 1310 2501 filius
1333 2439 1398 2520 ejus
1422 2440 1588 2519 Georgius,

284 2532 406 2611 Braym,
433 2530 514 2591 lilius
540 2531 684 2607 Cosmae,
711 2531 847 2600 Samuel,
874 2530 956 2592 lilius
973 2530 1177 2611 Baraquetlh),
1200 2547 1229 2591 et
1252 2530 1357 2592 fratres
1380 2528 1446 2607 ejus
1463 2529 1543 2591 Fimi
1561 2547 1590 2591 et

284 2620 425 2694 Nichola,
442 2620 575 2681 Meferut
586 2620 764 2697 (Meferrut),
782 2620 1003 2696 filiusChame,
1021 2621 1105 2696 Saac,
1123 2620 1204 2681 filius
1215 2620 1353 2699 Georgii,
1371 2638 1400 2680 et
1417 2619 1506 2680 frater
1523 2619 1591 2695 ejus

284 2709 454 2784 Geusetlhl,
471 2709 568 2769 lanna
585 2725 615 2770 et
632 2709 712 2770 filius
729 2708 795 2785 eius
806 2710 943 2772 Geuseth
961 2727 989 2770 et
1006 2710 1082 2770 alius
1099 2709 1181 2770 filius
1198 2710 1352 2788 Georgius
1369 2724 1398 2769 et
1413 2709 1491 2769 alius
1507 2707 1591 2769 filius

284 2798 375 2874 Elias,
399 2798 514 2871 Camis,
539 2797 620 2860 lilius
645 2799 835 2880 Bolpharage
852 2816 881 2859 et
898 2800 988 2875 Elias,
1013 2799 1103 2860 frater
1119 2798 1194 2876 ejus,
1219 2799 1336 2878 Serget,
1360 2797 1442 2859 filius
1459 2798 1589 2871 Antoni,

283 2887 427 2965 Belcaira,
452 2887 533 2949 filius
552 2890 682 2948 Monsor
699 2888 862 2966 (Munsor),
887 2888 1021 2960 Brahim,
1046 2888 1127 2950 lilius
1147 2889 1284 2966 Georgii,
1308 2887 1475 2965 Georgius,
1500 2887 1593 2948 frater

284 2977 477 3053 Salomonis,
504 2976 541 3037 de
560 2976 719 3056 Bollerage
743 2977 835 3050 filius,
851 2997 940 3039 soror
956 2993 985 3038 et
1002 2978 1106 3038 fratres
1117 2975 1183 3054 ejus
1194 2977 1318 3038 Brahim
1331 2976 1473 3057 (Braym),
1485 2977 1590 3050 Jacob,

284 3066 375 3138 Elias,
394 3066 528 3138 Brahim,
555 3066 636 3128 lilius
660 3067 797 3145 Georgii,
821 3066 951 3147 ejusque
976 3066 1065 3127 frater
1088 3067 1208 3141 Botros,
1235 3065 1429 3127 Munlerreth
1455 3082 1483 3126 et
1500 3065 1592 3127 srater

285 3154 360 3221 eius.
378 3189 421 3198 —
438 3155 598 3223 Letardus,
622 3156 873 3237 archiepiscopus
897 3158 1085 3229 Nazarenus,
1111 3155 1314 3234 Ric(h)arduS,
1339 3155 1504 3236 episcopus
1525 3162 1590 3216 An-

284 3243 424 3318 driensis,
452 3245 645 3325 Arnulphus,
672 3247 841 3306 canonicus
867 3247 1054 3321 Nazarenus,
1087 3246 1260 3326 Philippus,
1292 3245 1372 3322 regis
1402 3243 1590 3325 capellanus,

284 3332 469 3413 Stephanus,
481 3333 581 3412 regiae
592 3334 788 3395 cancellariae
799 3335 988 3407 secretarius,
1001 3334 1164 3411 Radulfus,
1173 3336 1192 3411 1)
1204 3333 1426 3414 archiepiscopi
1438 3334 1590 3395 Nazareni

283 3422 428 3494 clericus3
447 3423 485 3482 de
503 3423 671 3484 baronibus
682 3439 711 3484 et
721 3424 903 3485 hominibus
913 3425 1008 3502 regis:
1028 3424 1211 3495 Amalricus,
1223 3442 1327 3483 comes
1340 3422 1590 3503 ascalonitanus,

285 3510 463 3572 Henfredus
473 3511 512 3572 de
522 3512 655 3573 Torono
666 3513 922 3586 constabularius,
934 3513 1040 3591 Guigo
1051 3513 1177 3588 (Guido)
1189 3513 1389 3590 Francigena,
1402 3512 1591 3574 Guillelmus

284 3601 497 3671 marescalcus,
516 3602 682 3675 Abraham,
700 3603 871 3664 vicecomes
888 3602 1076 3670 Nazarenus,
1097 3601 1194 3663 Oitho
1207 3602 1228 3680 2)
1246 3603 1283 3663 de
1301 3601 1458 3680 Risberge,
1484 3602 1592 3682 Guigo

283 3689 410 3765 (Guido)
428 3691 466 3751 de
485 3690 639 3762 Maneriis,
652 3692 797 3753 Albertus
809 3692 831 3768 ³)
849 3693 886 3752 de
904 3691 1040 3763 Retesth,
1051 3691 1271 3767 Godescalcus,
1283 3692 1391 3752 Petrus
1403 3691 1591 3752 foresterius.

283 3779 398 3840 Datum
416 3799 471 3859 per
487 3799 616 3841 manum
628 3780 761 3857 Radulfi,
780 3781 997 3842 Bethleemitae
1014 3781 1150 3862 episcopi
1168 3782 1310 3861 regisque
1326 3780 1497 3841 cancellarii
1515 3780 1592 3856 (Ro-

282 3868 372 3943 ziere,
391 3889 420 3949 p.
445 3889 565 3935 107-1
580 3889 626 3942 ιο,
645 3870 705 3930 N0.
727 3891 781 3950 553
808 3871 925 3948 Migne,
943 3890 973 3951 p.
998 3892 1138 3950 1149-t
1153 3892 1160 3931 ι
1173 3891 1221 3950 50,
1239 3872 1299 3930 Νο.
1321 3891 1334 3949 5
1362 3871 1380 3946 ).
1520 3867 1591 3929 353

355 3968 489 4024 Roziere:
514 3973 531 4039 ¹)
546 3988 571 4041 p.
591 3984 653 4040 114:
668 3971 813 4042 Anglicus,
888 3973 909 4040 9)
922 3989 949 4043 p.
968 3990 992 4025 ιι
999 3986 1030 4043 5:
1044 3973 1125 4041 Otto,
1200 3974 1222 4038 ³)
1236 3989 1262 4042 p.
1283 3990 1306 4024 ιι
1314 3985 1344 4043 5:
1359 3972 1506 4025 Arbertus.

366 4128 384 4156 „
430 4083 488 4143 lul.
510 4085 559 4159 26,
578 4083 641 4144 ind.
655 4083 730 4144 Vlll.
757 4089 872 4145 Accon.
891 4118 933 4126 -
951 4084 1124 4146 Balduinus
1141 4085 1188 4159 ΙΙΙ,
1206 4105 1257 4145 rex
1275 4085 1591 4166 Hierosolymitanus,

283 4171 479 4252 privilegium
489 4173 675 4233 antecedens
691 4189 719 4233 et
733 4173 789 4234 alia
801 4194 892 4254 supra
904 4173 974 4248 (Nu.
987 4194 1048 4253 299
1060 4191 1089 4234 et
1102 4175 1174 4254 309)
1185 4174 1306 4235 laudata
1318 4174 1474 4235 canonicis
1492 4174 1522 4235 8.
1535 4175 1592 4236 Se-

283 4260 404 4341 pulchri
421 4261 522 4340 sigillo
539 4261 710 4322 confirmat.
727 4297 771 4306 —
787 4264 905 4337 Petrus,
917 4264 1076 4345 Tyreusis,
1094 4264 1241 4324 Ernesius
1259 4263 1438 4339 (Arnesius),
1450 4264 1591 4325 Caesari-

283 4349 1592 4433 ensis,Letardus,Nazarenus,archiepiscopi,ConstantinusS.Georgii,Rainerius,

283 4438 516 4516 Sebastlilensis,
549 4440 709 4516 Osbertus,
741 4441 991 4522 Tyberiadensis,
1024 4442 1216 4517 Fredericus,
1244 4441 1450 4516 Achonensis,
1477 4443 1590 4521 Adam,

284 4529 497 4596 paneadensis,
515 4529 698 4608 Amalricus,
723 4530 917 4592 Sidoniensis
935 4531 1169 4613 (Sydoniensis),
1194 4531 1384 4610 Mainardus,
1401 4531 1592 4593 Berithensis

284 4617 511 4698 (Berythensis),
536 4619 683 4700 episcopi,
711 4619 891 4697 Gaufridus,
908 4621 1033 4702 Templi
1059 4621 1197 4697 Domini,
1224 4620 1394 4681 Rainaldus
1416 4622 1454 4681 de
1472 4621 1591 4698 Latina,

283 4707 415 4781 abbates,
433 4707 614 4783 Gunterius,
634 4709 750 4769 Montis
767 4709 864 4790 Syon,
883 4709 1065 4783 Aimericus,
1084 4711 1198 4771 Montis
1215 4708 1337 4789 Oliveti,
1359 4708 1482 4790 priores,
1501 4710 1592 4772 Guil-

284 4795 404 4863 lelmus,
422 4797 613 4857 senescalcus
630 4798 882 4859 commilitonum
899 4800 1034 4879 Templi,
1053 4801 1142 4861 frater
1158 4799 1328 4861 Gaufridus
1352 4799 1526 4877 Fulcherii;
1552 4801 1592 4862 de

284 4886 453 4947 baronibus
469 4902 499 4946 et
516 4886 697 4948 hominibus
713 4888 808 4968 regis:
827 4888 1012 4968 Amalricus,
1030 4908 1134 4950 comes
1146 4887 1394 4968 ascalonitanus,
1411 4888 1593 4952 Henfredus
