3398 5400
571 350 650 424 regni
662 352 924 426 Hierosolymitani.

95 442 439 452 ψ...-
606 447 778 454 .-—.-—-.
790 448 872 454 -..

94 578 127 639 in
144 579 171 640 V
187 599 310 640 menses
326 580 365 640 ad
381 579 596 643 defensionem
614 581 748 642 Acconis
771 581 913 642 tenendis
930 597 1085 643 mutuatae
1102 601 1156 663 per
1172 581 1397 644 thesaurarium

95 668 299 730 parisiensem
315 671 546 748 mercatoribus,
564 671 618 751 qui
636 687 860 751 mutuaverant,
884 672 1061 750 reddantur,
1086 671 1214 753 insuper
1236 672 1396 743 desiderat,

95 772 128 818 ut
138 757 217 819 inter
227 759 364 820 Venetos
374 774 404 821 et
414 761 584 822 Januenses
595 780 652 841 pax
663 760 722 838 fiat,
739 777 773 822 ut
790 780 940 842 pauperes
956 780 990 821 ac
1007 761 1122 822 debiles
1138 782 1155 822 a
1171 761 1398 822 transfretando

94 847 294 926 retineantur,
320 868 371 909 rex
396 869 469 910 vero
495 849 615 910 Siciliae
639 850 678 912 Vl
701 849 802 928 galeas
825 851 858 911 in
882 850 1018 931 partibus
1041 850 1252 911 transmarinis
1278 851 1397 928 habeat,

95 936 231 1017 denique
250 938 393 1018 postulat,
411 953 446 1000 111
462 938 598 1000 decimae
616 938 702 1018 regni
719 939 826 1021 Cyprii
842 940 880 1000 ad
897 942 1006 1001 urbem
1018 944 1177 1001 Acconem
1194 939 1398 1001 muniendam

94 1040 124 1086 et
145 1027 373 1088 defendendam
398 1028 587 1110 deputentur
610 1048 710 1109 usque
733 1029 772 1090 ad
793 1028 936 1108 generale
961 1029 1145 1110 passagium,
1168 1029 1302 1091 munitio
1325 1049 1398 1089 vero

94 1115 208 1177 castelli
218 1116 393 1198 Joppensis,
414 1137 510 1198 quam
527 1118 696 1199 patriarcha
712 1118 777 1199 ipse
794 1119 956 1199 inceperat,
972 1119 1165 1200 compleatur
1180 1135 1209 1180 et
1225 1119 1400 1200 perficiatur

95 1218 123 1264 et
140 1205 316 1286 passagium
331 1207 473 1286 generale
496 1207 681 1269 acceleretur
703 1207 790 1283 (Bibl.
809 1208 846 1268 de
863 1208 970 1269 l'e‘cole
987 1209 1017 1269 d.
1035 1208 1152 1269 chartes
1175 1210 1266 1288 1858,
1285 1228 1314 1289 p.
1335 1228 1392 1286 291

94 1314 215 1375 -295,
233 1297 292 1358 Νο.
314 1316 347 1376 5;
366 1295 403 1357 cl.
421 1316 450 1377 p.
469 1314 659 1376 290-2913
685 1298 732 1358 De
750 1298 816 1357 Mas
832 1297 942 1376 Latrie,
961 1297 1038 1358 Hist.
1050 1298 1087 1359 de
1104 1298 1351 1379 l'lledeChypre
1363 1297 1398 1372 ΙΙ,

96 1402 125 1462 Ρ.
144 1385 294 1463 71-72).
1311 1382 1398 1445 1347

140 1497 259 1578 (1267)
276 1499 348 1578 Maj.
368 1521 418 1567 27.
444 1505 550 1562 Accon
567 1501 704 1580 (gallice).
720 1534 764 1544 —
780 1501 959 1563 Guillaume
976 1501 1009 1580 ll,
1027 1502 1195 1583 patriarcha
1216 1501 1400 1582 Hierosoly-

96 1590 231 1652 mitanus
254 1606 284 1651 et
306 1590 336 1651 S.
355 1595 393 1651 A.
417 1591 544 1670 legatus,
566 1589 706 1651 Thomas
730 1592 841 1667 Berart,
867 1591 982 1670 Hugue
1006 1592 1111 1672 Revel,
1135 1596 1238 1670 Aune,
1262 1591 1398 1672 Templi,

96 1679 265 1761 Hospitalis
289 1695 319 1741 et
342 1679 615 1740 Theutonicorum
642 1679 788 1758 magistri,
813 1679 939 1762 Jeofroy
965 1682 1002 1741 de
1028 1680 1182 1761 Sergines,
1208 1681 1399 1742 senescalcus

96 1769 183 1848 regni
206 1769 491 1850 Hierosolymitani,
514 1768 699 1830 Theobaldo
722 1768 907 1848 (Thiebaut),
931 1770 995 1849 regi
1018 1772 1170 1832 Navarrae
1194 1787 1222 1831 et
1239 1770 1343 1832 comiti
1361 1770 1399 1831 de

95 1859 276 1940 Campania,
294 1859 442 1937 scribunt,
466 1858 633 1919 soldanum
650 1860 783 1940 Aegypti
807 1879 913 1920 mense
938 1858 1011 1938 Maii
1035 1861 1164 1941 planum
1187 1860 1321 1920 Acconis
1345 1859 1399 1920 de·

95 1948 258 2009 vastavisse
274 1964 303 2009 et
318 1948 391 2009 inde
408 1968 515 2009 versus
526 1947 640 2028 Saphet
657 1948 775 2027 abiisse,
784 1949 804 2025 ¹)
821 1966 850 2010 et
866 1965 1038 2029 exponunt,
1050 1969 1144 2030 quare
1156 1949 1281 2028 Hugue,
1293 1969 1399 2010 comes

96 2037 135 2099 de
161 2038 281 2115 Briene,
305 2037 342 2098 ΙΙΙ
365 2057 465 2099 annos
488 2037 520 2098 in
542 2036 638 2097 Terra
662 2037 772 2098 Sancta
796 2054 935 2100 moratus
959 2038 1094 2100 reditum
1119 2058 1213 2100 suum
1239 2039 1398 2117 distulerit,

97 2127 240 2207 quamvis
264 2127 361 2188 fratris
384 2126 432 2188 sui
456 2125 581 2204 majoris
603 2126 704 2188 Johan
727 2127 765 2187 de
783 2127 915 2189 ssrienne
938 2144 1071 2189 mortem
1087 2127 1233 2201 audierit,
1262 2128 1400 2209 primum

96 2217 181 2276 enim
198 2217 253 2278 diu
269 2232 452 2297 aegrotasse,
476 2216 588 2276 deinde
606 2216 704 2277 varias
720 2218 861 2297 querelas
877 2237 949 2279 cum
965 2219 1122 2279 avunculo
1138 2237 1197 2279 suo
1214 2217 1345 2297 Hugues
1362 2218 1399 2278 de

97 2305 265 2386 Lezignan,
292 2305 404 2367 ballivo
430 2305 518 2385 regni
544 2305 840 2388 Hierosolymitano,
867 2307 905 2368 de
929 2307 1041 2369 eodem
1066 2327 1197 2368 munere
1219 2307 1399 2388 accipiendo

97 2394 280 2474 habuisse,²)
304 2395 450 2476 denique,
468 2414 568 2475 quum
585 2395 691 2476 Cypro
708 2414 815 2457 mense
832 2397 946 2477 Aprilis
963 2397 1097 2458 reditum
1113 2397 1271 2478 paraverit,
1293 2397 1330 2457 de
1348 2417 1400 2457 ex-

96 2484 255 2565 peditione
271 2504 288 2545 a
304 2485 436 2546 soldano
453 2484 485 2544 in
502 2499 613 2544 terram
637 2485 770 2546 Acconis
794 2485 869 2546 facta
893 2485 1046 2547 audivisse
1062 2507 1097 2547 ac
1113 2486 1224 2564 statim,
1249 2501 1283 2546 ut
1298 2485 1400 2546 eidem

96 2574 206 2634 civitati
222 2589 422 2651 succurreret,
434 2578 593 2635 Acconem
604 2573 729 2635 rediisse
747 2575 907 2653 (Murteae,
923 2575 1076 2637 Thesaur.
1088 2576 1109 2653 l,
1120 2595 1150 2656 p.
1168 2594 1398 2655 1013-10143

97 2664 191 2741 Paoli,
209 2663 325 2725 Codice
343 2663 365 2741 l,
382 2683 412 2744 p.
427 2664 499 2742 326,
511 2664 572 2723 Νο.
583 2664 643 2742 46;
661 2663 699 2725 11.
712 2664 866 2726 D'Arbois
877 2665 915 2726 de
925 2665 1119 2743 Jubainville,
1131 2664 1210 2726 Hist.
1222 2665 1251 2725 d.
1263 2665 1340 2726 ducs
1349 2663 1398 2743 Vl,

96 2772 126 2834 p.
144 2772 195 2832 21,
212 2753 273 2814 Νο.
294 2772 395 2833 34073
422 2752 500 2813 Bibl.
518 2752 555 2812 de
572 2752 681 2814 l'e'cole
697 2754 727 2814 d.
745 2754 863 2815 chartes
885 2756 977 2832 1872,
994 2774 1023 2835 p.
1047 2775 1117 2833 177,
1134 2754 1195 2815 Νο.
1219 2755 1294 2833 185;
1320 2753 1399 2814 Hist.

95 2842 150 2903 litt.
169 2843 206 2903 de
223 2842 251 2903 la
268 2842 384 2903 France
401 2842 482 2919 XXI,
506 2861 536 2922 p.
555 2838 789 2926 8ο5-8071.11
811 2843 934 2905 Similes
957 2844 1099 2924 epistolas
1120 2843 1339 2905 transmarinas
1362 2843 1400 2903 de

96 2931 219 2992 miseria
241 2931 355 2993 Terrae
380 2931 507 2992 Sanctae
531 2950 617 2992 nunc
639 2931 766 2992 amissas
782 2933 931 2995 Clemens
947 2933 986 2994 ΙΙ1
1003 2932 1152 3014 excerpsit
1172 2933 1398 3013 1263—126‘7

96 3019 1139 3103 (Ρο11111111,Νο.18624,19169,19287,19295,19795,19825,
1162 3022 1290 3101 19919).
1312 3018 1402 3080 1348

171 3125 193 3191 ¹)
212 3121 256 3176 Cf.
271 3122 407 3177 Rbhricht
420 3120 448 3176 in
462 3121 599 3177 Archives
612 3122 634 3177 ΙΙ
643 3124 678 3192 Α,
691 3141 717 3195 p.
732 3122 792 3196 388.
867 3125 888 3194 9)
908 3125 1019 3195 Gestes,
1032 3139 1059 3193 p.
1077 3122 1134 3195 187.

186 3280 204 3313 ,‚
251 3237 322 3298 Jun.
340 3257 369 3315 9.
390 3234 529 3296 Viterbii.
546 3236 753 3298 -Clemens
770 3236 810 3297 IV
826 3237 1007 3315 (Guillelmo
1023 3236 1068 3314 ΙΙ),
1085 3235 1272 3317 patriarchae
1288 3236 1401 3297 Hiero-

96 3325 285 3407 solymitano
299 3345 333 3386 ac
350 3324 381 3386 S.
392 3330 430 3385 A.
442 3325 553 3405 legat0,
565 3327 700 3404 mandat,
711 3341 746 3387 ut
756 3345 877 3406 omnes,
888 3327 942 3407 qui
954 3325 1095 3387 fratribus
1105 3326 1139 3386 B.
1152 3326 1266 3387 Mariae
1276 3326 1314 3387 de
1324 3326 1401 3386 valle

96 3415 242 3497 Josaphat
264 3414 413 3492 redditus,
438 3433 557 3494 census,
582 3415 727 3495 decimas,
751 3431 854 3491 terras,
878 3414 944 3494 jura
967 3430 997 3476 et
1018 3414 1076 3476 alia
1100 3418 1181 3476 bona
1204 3416 1357 3476 occultare
1374 3431 1402 3476 et

97 3504 217 3566 occulte
225 3504 363 3565 detinere
372 3521 579 3585 praesumant,
589 3506 838 3567 excommunicet
847 3505 1040 3584 (Delaborde,
1048 3525 1096 3587 p.r
1110 3526 1156 3584 19,
1164 3506 1224 3566 Νο.
1237 3505 1296 3584 581.
1312 3501 1402 3563 1349

187 3666 207 3698 ,,
253 3622 323 3683 Jun.
344 3623 394 3682 28.
421 3625 537 3683 Accon.
554 3655 598 3665 —
615 3621 804 3684 Guillelmus
820 3621 853 3700 ll,
871 3621 1040 3703 patriarcha
1051 3619 1353 3702 Hierosolymitanus
1369 3641 1403 3681 ac

98 3711 173 3772 S.A.
185 3710 457 3790 legatus,Thomas
467 3710 744 3793 Berardi,Templi,
754 3712 850 3791 Hugo
860 3709 966 3787 Revel,
976 3710 1153 3792 Hospitalis,
1163 3709 1308 3790 magistri,
1317 3711 1402 3771 Gau-

98 3801 195 3862 lridus
206 3801 243 3861 de
255 3800 400 3880 Sarginis,
417 3801 608 3862 senescalcus
619 3801 706 3883 regni
718 3799 1003 3882 Hierosolymitani,
1014 3815 1043 3860 et
1052 3800 1187 3861 Erardus
1198 3800 1235 3860 de
1244 3798 1402 3860 Valeriaco

98 3890 196 3969 miles,
207 3910 240 3951 se
250 3909 343 3971 supra
354 3889 425 3967 (No.
436 3911 444 3950 1
454 3890 526 3970 343)
537 3889 631 3951 dictas
642 3891 801 3952 cautiones
812 3888 965 3951 Ludovici
974 3889 1016 3951 111
1026 3889 1106 3970 regis
1116 3889 1227 3951 vidisse
1238 3906 1267 3950 et
1282 3889 1401 3968 legisse,

96 3979 205 4041 litteris
220 3979 285 4041 suis
301 3979 489 4042 confirmant
504 3979 592 4057 (Bibl.
610 3981 648 4041 de
665 3979 773 4041 l'e'cole
785 3980 814 4040 d.
826 3980 944 4040 chartes
961 3981 1052 4059 1858,
1064 3999 1094 4060 p.
1107 3980 1288 4058 126-128,
1299 3979 1359 4040 Νο.
1374 3997 1401 4057 5;

96 4069 247 4130 Archives
258 4070 296 4130 de
305 4068 440 4130 l'Orient
455 4068 531 4130 latin
547 4069 572 4130 ΙΙ
581 4071 615 4149 Β,
633 4089 662 4151 p.
677 4089 860 4149 210-212,
877 4071 938 4130 Νο.
957 4089 981 4145 1;
999 4069 1036 4130 11.
1054 4069 1123 4147 ΙΙΑ,
1140 4088 1169 4150 p.
1184 4071 1257 4148 381,
1275 4069 1402 4139 1101.66;

97 4160 136 4221 de
153 4158 256 4240 sigillo
271 4157 414 4220 Gaulridi
432 4159 471 4220 de
488 4158 631 4238 Sargines
647 4158 836 4240 appendenti
852 4159 889 4220 11.
908 4159 1012 4220 Dou'e't
1029 4159 1154 4238 d'Arcq,
1171 4159 1232 4219 No.
1250 4158 1357 4219 11806
1374 4171 1404 4217 et

97 4249 137 4311 G.
155 4248 396 4327 Schluntberger
411 4247 444 4308 in
460 4248 503 4309 Le
521 4249 630 4310 Muse'e
646 4248 780 4310 arche'ol.
799 4248 833 4329 ll,
850 4268 880 4331 p.
900 4269 916 4329 3
923 4267 1028 4329 34—3
1035 4268 1086 4328 37,
1104 4249 1163 4309 Νο.
1184 4247 1245 4328 30).
1314 4243 1404 4305 1350

187 4412 206 4444 „
252 4366 324 4426 Jun.
344 4366 394 4427 28.
420 4369 537 4427 Accon.
566 4400 602 4408 -
629 4364 818 4427 Guillelmus
838 4363 872 4444 ΙΙ,
896 4363 1066 4446 patriarcha
1090 4363 1403 4445 Hierosolymitanus,

97 4455 260 4517 Ludovico
286 4454 338 4533 ΙΧ,
362 4454 425 4533 regi
449 4454 605 4532 Franciae,
629 4454 741 4533 scribit,
766 4476 798 4516 se
822 4453 963 4534 ejusdem
982 4454 1047 4516 Vlll
1071 4453 1171 4514 literas
1193 4473 1286 4535 supra
1309 4453 1404 4514 dictas

96 4544 267 4627 inspexisse
291 4563 462 4624 earumque
483 4544 661 4605 auctoritate
687 4564 835 4623 summas,
856 4564 935 4625 quae
959 4543 991 4605 in
1012 4543 1049 4604 iis
1069 4557 1220 4604 vocantur
1238 4563 1255 4603 a
1273 4543 1404 4623 quibus-

96 4636 169 4697 dam
187 4633 409 4695 mercatoribus
426 4632 615 4695 Senensibus
633 4649 744 4695 mutuo
764 4634 926 4715 accepisse,
944 4654 979 4695 ac
995 4633 1079 4716 petit,
1098 4648 1131 4694 ut
1147 4632 1277 4712 Hugoni
1300 4631 1404 4693 Jacobi

96 4724 146 4786 vel
156 4724 300 4785 Restorio
310 4725 437 4786 Junctae
448 4723 496 4784 vel
506 4724 621 4785 Jacobo
632 4722 705 4784 Gilii
717 4738 921 4804 praesentatas
931 4722 1045 4784 litteras
1061 4721 1124 4783 sive
1139 4721 1334 4803 transscripta
1351 4741 1405 4801 pa-

96 4813 246 4875 triarchae
266 4828 296 4874 et
319 4812 539 4893 magistrorum
562 4812 668 4894 sigillis
691 4812 811 4874 munita
833 4812 932 4874 solvat
954 4811 1042 4890 (Bibl.
1059 4813 1098 4874 de
1114 4811 1222 4874 l‘e'cole
1239 4812 1270 4873 d.
1287 4811 1406 4872 chartes

104 4904 198 4984 1858,
216 4923 246 4986 p.
269 4903 451 4982 128-129,
468 4902 529 4964 Νο.
548 4921 586 4984 43
610 4901 647 4963 11.
665 4921 695 4984 p.
719 4902 798 4979 118).
1315 4898 1402 4961 1351

151 5020 317 5076 1111111111,
338 5018 444 5077 negata
1191 5038 1224 5096 23
