3398 5400
191 329 225 399 96
759 325 921 394 Regesta

204 399 1139 409 ——-———-——————-————-———..———0

192 521 273 576 frictis
286 519 407 576 nostris«
423 520 498 584 (ibid.
513 521 567 575 Νο.
581 521 652 593 720).
678 520 769 576 Paulo
783 535 849 591 post
863 519 997 575 cardinali
1011 519 1055 574 vel
1069 517 1205 590 episcopo
1219 515 1338 570 cuidam
1352 515 1456 585 scribit,
1467 532 1493 570 se

191 594 227 647 de
241 605 408 664 paupertate
429 591 548 646 fratrum
562 591 811 647 l'heutonicorum
827 592 1076 646 ultramarinorum
1096 588 1246 650 audivisse,
1260 605 1295 642 ac
1310 586 1392 660 petit,
1412 600 1443 642 ut
1462 588 1493 641 ad

191 665 265 718 hanc
279 662 455 717 allevandam
469 680 573 734 papam
588 663 719 735 precibus
733 663 817 718 adeat
830 663 906 732 (ibid.
921 663 977 717 No.
995 663 1078 732 1486).

240 756 327 819 1277
344 760 409 820 lan.
427 779 455 824 7.
470 758 599 833 Tripoli.
616 756 829 820 —'Robertus
852 759 1055 819 Normannus
1079 757 1118 820 Ο.
1134 756 1190 832 Ρ1.,
1216 754 1303 836 prior
1320 752 1455 814 Acconis
1468 768 1494 813 et

191 849 321 910 vicarius
337 864 505 909 conventus
528 846 720 929 Tripolitani,
742 864 771 907 et
796 849 941 909 electores
964 847 1074 929 prioris
1097 844 1293 927 provincialis
1316 842 1492 920 magistrum

192 937 318 999 Ordinis
334 937 580 998 Praedicatorum
596 938 770 997 Johannem
788 937 826 996 de
838 936 984 998 Vercellis
1002 937 1161 997 certiorem
1180 934 1306 1008 faciunr,
1322 952 1356 994 se
1373 931 1404 993 in
1420 951 1493 992 cras·

191 1028 257 1088 tino
274 1025 455 1107 epiphaniae
473 1027 641 1106 llugonem
660 1026 699 1086 de
716 1025 894 1098 Matiscone,
910 1026 1072 1106 quondam
1092 1023 1224 1105 priorem
1237 1021 1431 1083 Acconensis
1449 1040 1493 1081 ec·

193 1116 310 1189 clesiae,
326 1115 360 1175 in
376 1115 509 1195 priorem
525 1115 742 1196 provincialem
760 1114 895 1193 elegisse.
927 1115 1081 1176 Electores
1102 1131 1185 1186 ver0,
1209 1112 1263 1192 qui
1287 1130 1345 1192 pro
1364 1111 1493 1189 lingone

192 1205 371 1268 sententiam
388 1203 533 1275 tulerunt,
551 1220 699 1265 vocantur
717 1204 869 1266 Robertus
885 1205 1097 1274 Notmannus‚
1120 1202 1203 1283 prior
1220 1199 1358 1262 Acconis
1374 1199 1493 1260 11νί11-

191 1295 254 1355 rius
279 1309 475 1369 memoratus,
503 1294 551 1356 Fr.
577 1293 744 1355 Guerricus
769 1292 980 1366 Virdunensis,
1006 1293 1089 1374 prior
1114 1290 1312 1362 Nicosiettsis,
1340 1289 1388 1351 Fr.
1404 1288 1493 1368 Hugo

192 1383 386 1461 Flamengus,
417 1382 464 1444 Fr.
481 1382 669 1445 Guillelmus
692 1384 730 1443 de
754 1382 952 1453 Castellione‚
984 1382 1032 1444 Fr.
1048 1382 1188 1444 Thomas
1204 1380 1418 1454 Normattuus,
1452 1377 1493 1438 Fr.

192 1472 321 1552 Symon,
339 1471 453 1551 quibus
475 1472 507 1532 in
532 1473 669 1535 secundo
693 1491 838 1554 processu
862 1483 1053 1533 accesserunt
1076 1470 1124 1532 Fr.
1143 1469 1347 1548 Berengarius
1372 1467 1492 1528 Provin-

193 1562 285 1636 cialis,
309 1561 452 1642 subprior
469 1561 612 1632 Acconis,
639 1576 667 1621 et
685 1561 731 1621 Fr.
751 1563 923 1623 Bernardus
938 1561 1154 1630 Normannus;
1179 1558 1275 1638 Hugo
1301 1554 1494 1618 Provincialis

193 1670 275 1723 vero,
299 1666 373 1710 tunc
399 1650 482 1731 prior
506 1650 729 1731 Tripolitanos,
755 1650 890 1712 assentiri
917 1650 1026 1711 noluit.
1062 1649 1166 1730 ltaque
1183 1648 1253 1708 dicti
1273 1648 1380 1707 iratres
1396 1644 1435 1707 Ο.
1452 1645 1493 1705 Ρ1.

193 1754 310 1821 petunt,
335 1755 369 1799 ut
393 1739 537 1819 magister
561 1740 640 1801 hanc
665 1738 847 1800 electionem
864 1738 1032 1816 confirmet,
1049 1754 1111 1815 aut,
1136 1738 1160 1799 si
1178 1738 1351 1817 Hugonem
1368 1735 1494 1795 electum

193 1844 291 1889 morte
313 1827 361 1888 vel
386 1829 492 1908 aliquo
517 1831 614 1889 modo
638 1828 779 1910 impediri
803 1829 1003 1910 contingeret,
1021 1827 1209 1889 antedictum
1226 1827 1402 1886 Robertum
1417 1823 1494 1884 Nor·

192 1935 343 1986 mannum
359 1937 415 1998 pro
432 1938 469 1979 eo
486 1917 555 1997 eligi
573 1919 674 1978 liceret
691 1912 865 1999 (Revue'de
881 1917 1011 1978 l'Orient
1027 1918 1076 1978 lat.
1091 1917 1111 1994 l,
1128 1937 1156 1997 p.
1185 1935 1371 1995 529-531,
1385 1913 1444 1974 No.
1465 1930 1492 1975 t:

193 2005 230 2067 cf.
248 2026 328 2087 quae
345 2006 444 2067 editor
459 2006 532 2067 huic
548 2007 691 2086 epistolae
708 2007 885 2073 annotavit).
1398 1998 1494 2061 1410·

281 2143 300 2172 „
348 2096 444 2177 Aprili
468 2117 490 2156 1.
505 2129 550 2139 -
567 2097 791 2157 Bohemundus
808 2095 870 2172 Vll,
891 2096 1033 2177 princeps
1049 2093 1232 2157 Antiochiae
1255 2108 1285 2153 et
1308 2112 1414 2154 comes
1429 2090 1494 2151 Tri·

193 2183 357 2267 politanus,
373 2204 444 2245 cum
461 2185 595 2263 Hugone
606 2186 708 2258 Revel,
724 2185 870 2266 magistro
881 2185 1058 2266 Hospitalis,
1068 2185 1107 2246 de
1117 2184 1305 2264 quibusdam
1316 2179 1493 2243 munitioni-

194 2276 260 2339 bus.
278 2294 355 2354 quas
371 2291 455 2355 pater
471 2274 613 2355 principis
630 2294 721 2355 super
738 2275 892 2335 veteribus
902 2274 1069 2335 fornicibus
1080 2289 1108 2334 et
1117 2272 1329 2334 fundamentis
1347 2268 1494 2350 Hospitali

193 2362 386 2444 Tripolitano
402 2364 533 2445 propriis
549 2364 766 2433 aedificaverat,
776 2380 805 2424 et
815 2363 852 2424 de
863 2363 1050 2443 quibusdam
1062 2361 1278 2424 controversiis
1289 2362 1368 2422 inter
1379 2356 1494 2420 utrumss

194 2471 255 2532 que
280 2453 467 2514 versantibus
490 2454 634 2515 convenit
649 2453 697 2529 (D.
713 2451 794 2516 Cart.
811 2452 856 2529 lll,
880 2474 909 2534 p.
930 2473 1001 2533 347,
1025 2453 1084 2514 Νο.
1103 2454 1203 2532 3521;
1230 2451 1347 2512 luvent
1371 2470 1400 2531 p.
1429 2466 1494 2527 103,

194 2541 253 2602 No.
273 2536 357 2623 356).
1400 2535 1496 2596 1411·

282 2677 299 2703 ,,
389 2636 469 2710 Aug.
488 2651 515 2710 3.
532 2664 576 2673 —
592 2631 715 2705 Paulus,
747 2631 909 2712 episcopus
939 2630 1161 2711 Tripolitanus,
1187 2628 1268 2689 fratri
1293 2627 1429 2690 lohauni
1460 2625 1495 2687 de

194 2718 322 2792 Villiers,
346 2720 590 2780 commendatori
614 2719 782 2802 Hospitalis
797 2720 991 2802 Tripolitani,
1016 2720 1167 2781 decimam
1186 2721 1209 2778 l.
1225 2719 1378 2797 petiarum
1402 2732 1495 2777 terrae

194 2808 226 2868 in
241 2807 333 2888 plano
349 2808 545 2890 Tripolitano
560 2808 695 2887 sitarum,
719 2810 799 2871 horti
821 2811 859 2870 de
884 2808 1023 2870 Pulcellis
1046 2826 1075 2870 et
1098 2808 1204 2871 casalis
1221 2803 1425 2886 Rem'esche1)
1442 2806 1495 2865 sub

195 2917 289 2958 censu
307 2897 361 2958 LX
377 2898 578 2960 bisantiorum
589 2899 655 2960 auti
665 2898 790 2961 annuali
806 2902 971 2960 tenendam
989 2898 1131 2958 concedit
1146 2896 1198 2978 (D.
1213 2896 1295 2959 Cart.
1314 2896 1361 2968 ΙΙΙ,
1379 2916 1408 2978 p.
1427 2913 1496 2975 349,

194 2986 254 3047 No.
273 2988 372 3066 3628:
392 2988 506 3048 lttvent
523 3008 557 3068 p.·
576 3007 644 3067 ¹03·
662 2989 722 3049 No.
743 2983 829 3068 357).
1400 2981 1498 3044 1413·

287 3071 305 3135 'l
319 3070 361 3124 De
376 3088 435 3142 quo
448 3088 533 3141 supra
548 3071 601 3124 No.
616 3069 693 3142 787¹),
705 3071 789 3144 789b;
802 3069 877 3125 horti
890 3087 959 3125 vero
974 3062 1039 3125 ante
1054 3068 1119 3125 dicti
1132 3069 1200 3124 alias
1213 3069 1323 3124 mentio
1339 3087 1398 3124 non
1412 3067 1451 3123 fit.

283 3193 300 3221 „
348 3154 425 3226 Aug.
450 3168 495 3213 17.
512 3153 627 3220 Acron,
654 3148 705 3210 ubi
732 3149 844 3226 regitur
867 3148 949 3208 curia
981 3147 1192 3209 lanuettsium.
1224 3180 1267 3190 —
1294 3146 1438 3226 Uguetus
1461 3144 1497 3206 de

195 3234 1496 3316 Raynaldo,consullanuensiumAccouensium',uominecommunispetTartarum

195 3324 371 3387 Ususmaris
387 3325 529 3387 nuntium
548 3327 674 3387 Alberto
690 3328 728 3386 de
746 3327 929 3401 Morresiuo,
940 3324 1044 3401 bajulo
1057 3327 1246 3387 Venetorum
1256 3325 1496 3395 Acconensium

195 3414 296 3476 scribit
311 3414 478 3494 postulans,
496 3430 529 3475 ut
545 3415 703 3477 communi
720 3416 835 3477 lanttae
853 3416 986 3476 restituat
1002 3416 1154 3494 quasdam
1169 3415 1284 3475 domus
1300 3414 1332 3474 in
1348 3434 1426 3493 ruga
1451 3432 1496 3473 cu-

195 3519 281 3563 teuae
298 3504 376 3577 sitas,
399 3525 477 3585 quas
502 3520 607 3565 tenent
635 3507 744 3566 «dama
770 3512 885 3583 Agnes,
904 3504 1089 3565 Dominicus
1107 3504 1255 3577 Botarius,
1280 3503 1496 3565 Marchoaldus

196 3592 368 3665 Veneticus‚
393 3594 561 3655 Sanctorus
587 3593 760 3670 Veneticus,
787 3595 891 3655 Petrus
923 3592 1102 3665 civaterius,
1135 3592 1275 3655 Botarius
1306 3591 1441 3656 Cisanus
1469 3604 1496 3650 et

195 3682 318 3754 Pascha,
344 3682 452 3761 jugalis
477 3702 555 3744 uxor
580 3685 740 3762 quondam
769 3683 911 3744 Matthaei
938 3681 1047 3757 Sclavi,
1072 3702 1128 3763 pro
1153 3683 1276 3748 duabus
1302 3683 1449 3743 domibus
1471 3696 1497 3739 et

196 3771 301 3831 Petrus
327 3772 491 3835 Veneticus
515 3788 546 3833 et
569 3792 678 3834 omnes
703 3772 845 3854 praedicti
871 3771 1017 3848 Venetici,
1044 3792 1083 3832 ne
1109 3770 1299 3853 praedictum
1331 3787 1496 3833 commune

195 3861 308 3920 lanuae
325 3880 417 3942 supra
433 3862 578 3923 omnibus
595 3862 771 3923 violentiam
789 3862 918 3942 patiatur
935 3859 1088 3923 aVenetis
1104 3877 1208 3922 contra
1225 3877 1366 3922 tenorem
1378 3877 1496 3941 treugae

195 3947 370 4031 olimignite
382 3952 530 4019 intereos,
540 3971 636 4032 quam
646 3952 834 4033 praedictum
849 3969 1017 4011 commune
1028 3951 1140 4012 ianuae
1160 3966 1188 4010 et
1205 3950 1381 4030 praedictus
1391 3947 1496 4010 consul

196 4057 252 4119 pro
267 4055 350 4117 parte
374 4042 411 4100 ab
436 4041 561 4101 nomine
585 4040 733 4118 ejusdem,
750 4041 779 4101 in
800 4057 953 4120 quantum
971 4056 1108 4120 possunt,
1132 4038 1241 4100 volunt
1256 4058 1387 4100 servare.
1417 4037 1495 4098 Cum

195 4128 341 4189 dominus
359 4128 438 4207 Ugo.
453 4148 504 4190 ret
520 4129 623 4211 Cypri,
646 4151 663 4190 a
686 4149 751 4209 quo
774 4146 922 4210 tanquam
947 4151 963 4188 a
987 4147 1056 4206 rege
1074 4127 1331 4210 lerosolymitano
1356 4125 1496 4209 praedicti

196 4216 302 4276 Veneti
328 4237 451 4278 causam
477 4239 567 4300 supra
591 4219 678 4280 dictis
704 4220 850 4280 domibus
866 4211 1032 4279 asserentes
1056 4237 1088 4278 se
1111 4219 1222 4279 habere
1239 4217 1403 4277 restituerit
1419 4216 1495 4276 dicto

196 4305 354 4366 communi
371 4308 486 4368 lanuae
502 4309 625 4369 easdem
641 4308 784 4370 domos«.
802 4307 944 4387 Uguetus
962 4325 1034 4367 vero
1050 4307 1194 4368 Nicolino
1213 4307 1325 4368 Rubeo
1343 4307 1382 4367 de
1398 4303 1497 4366 Predis

196 4395 314 4456 notario
330 4395 485 4476 stipulanti
495 4397 663 4472 confirmat,
683 4397 830 4458 ’nomine
847 4397 935 4467 cuius
953 4413 980 4457 et
996 4415 1133 4476 quorum
1156 4396 1278 4457 interest
1302 4412 1331 4456 et
1355 4393 1495 4463 intererit,

196 4483 282 4564 quod
299 4504 465 4547 commune
482 4488 596 4547 lanuae
612 4487 735 4547 habebit
751 4503 849 4546 ratum
867 4503 895 4546 et
913 4486 1038 4546 firmum
1055 4485 1206 4565 quicquid
1222 4501 1251 4545 et
1266 4501 1370 4546 totum
1387 4484 1496 4545 facturn

196 4589 223 4632 et
241 4574 454 4636 denuntiatum
463 4575 552 4635 fuerit
560 4595 652 4656 super
668 4576 828 4656 praedictis
846 4595 899 4656 per
916 4575 1104 4656 praedictum
1115 4574 1310 4636 Tartarum«
1331 4573 1496 4634 -Simon

196 4662 347 4725 Guercius
365 4662 456 4739 juder
471 4682 499 4725 et
514 4665 671 4725 lohannes
689 4666 864 4727 Mansurus.
891 4665 1037 4725 Nicolaus
1055 4663 1184 4725 Rubeus
1208 4664 1245 4724 de
1262 4664 1367 4726 Predis
1383 4659 1497 4741 scripsit

198 4750 260 4825 (Ed.
278 4752 387 4831 Bigoni
403 4753 435 4813 iu
453 4754 598 4815 Archivio
615 4754 727 4816 storico
744 4754 868 4815 italiano
889 4757 981 4832 1899,
999 4775 1027 4828 p.
1045 4755 1118 4815 62--
1134 4755 1186 4832 64,
1202 4754 1262 4815 No.
1283 4749 1325 4833 3).
1399 4744 1496 4811 1413b

289 4838 307 4896 ¹)
320 4836 477 4890 lanuensee
491 4853 525 4891 ex
539 4855 614 4892 anno
631 4836 696 4894 1268
709 4841 858 4892 Acconem
872 4836 982 4892 reducti
994 4836 1111 4893 luerunt
1125 4837 1193 4900 (RK.
1207 4854 1233 4907 p.
1247 4837 1320 4910 938).
