<?xml version="1.0" encoding="UTF-8"?>
<!DOCTYPE html PUBLIC "-//W3C//DTD XHTML 1.0 Transitional//EN"
    "http://www.w3.org/TR/xhtml1/DTD/xhtml1-transitional.dtd">
<html xmlns="http://www.w3.org/1999/xhtml" xml:lang="en" lang="en">
 <head>
  <title>
</title>
<meta http-equiv="Content-Type" content="text/html;charset=utf-8" />
  <meta name='ocr-system' content='tesseract 3.04.00' />
  <meta name='ocr-capabilities' content='ocr_page ocr_carea ocr_par ocr_line ocrx_word'/>
</head>
<body>
  <div class='ocr_page' id='page_1' title='image "./regestaregnihie00rhgoog_0295.png"; bbox 0 0 3398 5400; ppageno 0'>
   <div class='ocr_carea' id='block_1_1' title="bbox 274 327 1013 403">
    <p class='ocr_par' dir='ltr' id='par_1_1' title="bbox 274 327 1013 403">
     <span class='ocr_line' id='line_1_1' title="bbox 274 327 1013 403; baseline 0.001 -18"><span class='ocrx_word' id='word_1_1' title='bbox 274 335 337 400; x_wconf 82' lang='lat'>288</span> <span class='ocrx_word' id='word_1_2' title='bbox 838 327 1013 403; x_wconf 85' lang='lat' dir='ltr'>Regesta</span> 
     </span>
    </p>
   </div>
   <div class='ocr_carea' id='block_1_2' title="bbox 272 551 1582 723">
    <p class='ocr_par' dir='ltr' id='par_1_2' title="bbox 272 551 1582 723">
     <span class='ocr_line' id='line_1_2' title="bbox 274 551 1582 634; baseline -0.002 -20"><span class='ocrx_word' id='word_1_3' title='bbox 274 552 411 629; x_wconf 80' lang='lat' dir='ltr'>(Cesset,</span> <span class='ocrx_word' id='word_1_4' title='bbox 441 552 596 613; x_wconf 87' lang='lat' dir='ltr'>L&#39;illustre</span> <span class='ocrx_word' id='word_1_5' title='bbox 620 551 797 613; x_wconf 88' lang='lat' dir='ltr'>Orbandale</span> <span class='ocrx_word' id='word_1_6' title='bbox 820 552 854 629; x_wconf 95' lang='lat' dir='ltr'>ll,</span> <span class='ocrx_word' id='word_1_7' title='bbox 878 552 941 631; x_wconf 91' lang='lat' dir='ltr'>Vll,</span> <span class='ocrx_word' id='word_1_8' title='bbox 965 552 1025 613; x_wconf 92' lang='lat' dir='ltr'>No.</span> <span class='ocrx_word' id='word_1_9' title='bbox 1052 569 1110 632; x_wconf 91' lang='lat'>74;</span> <span class='ocrx_word' id='word_1_10' title='bbox 1136 553 1239 634; x_wconf 87' lang='lat' dir='ltr'>Perry,</span> <span class='ocrx_word' id='word_1_11' title='bbox 1263 552 1342 613; x_wconf 91' lang='lat' dir='ltr'>Hist.</span> <span class='ocrx_word' id='word_1_12' title='bbox 1366 552 1405 613; x_wconf 90' lang='lat' dir='ltr'>de</span> <span class='ocrx_word' id='word_1_13' title='bbox 1425 552 1582 614; x_wconf 69' lang='grc'><strong>(311111111-</strong></span> 
     </span>
     <span class='ocr_line' id='line_1_3' title="bbox 272 639 1582 723; baseline -0.002 -22"><span class='ocrx_word' id='word_1_14' title='bbox 272 641 455 721; x_wconf 89' lang='lat' dir='ltr'>sur-Saone,</span> <span class='ocrx_word' id='word_1_15' title='bbox 473 661 579 723; x_wconf 89' lang='lat' dir='ltr'>preov.</span> <span class='ocrx_word' id='word_1_16' title='bbox 598 662 626 723; x_wconf 89' lang='lat' dir='ltr'>p.</span> <span class='ocrx_word' id='word_1_17' title='bbox 644 643 702 716; x_wconf 82' lang='lat'>66;</span> <span class='ocrx_word' id='word_1_18' title='bbox 728 641 765 703; x_wconf 86' lang='lat' dir='ltr'>cl.</span> <span class='ocrx_word' id='word_1_19' title='bbox 783 642 900 703; x_wconf 86' lang='lat' dir='ltr'><strong>ZDPV.</strong></span> <span class='ocrx_word' id='word_1_20' title='bbox 918 643 957 720; x_wconf 93' lang='lat' dir='ltr'>X,</span> <span class='ocrx_word' id='word_1_21' title='bbox 975 661 1004 723; x_wconf 93' lang='lat' dir='ltr'><strong>p.</strong></span> <span class='ocrx_word' id='word_1_22' title='bbox 1024 642 1174 722; x_wconf 83' lang='lat'><strong>37—38).</strong></span> <span class='ocrx_word' id='word_1_23' title='bbox 1489 639 1582 700; x_wconf 89' lang='grc'><strong>1105</strong></span> 
     </span>
    </p>
   </div>
   <div class='ocr_carea' id='block_1_3' title="bbox 273 746 1583 1366">
    <p class='ocr_par' dir='ltr' id='par_1_3' title="bbox 273 746 1583 1366">
     <span class='ocr_line' id='line_1_4' title="bbox 322 746 1583 831; baseline 0.002 -25"><span class='ocrx_word' id='word_1_24' title='bbox 322 746 412 807; x_wconf 85' lang='grc'><strong>1242</strong></span> <span class='ocrx_word' id='word_1_25' title='bbox 429 748 526 829; x_wconf 84' lang='grc' dir='ltr'><strong>Αρ111.</strong></span> <span class='ocrx_word' id='word_1_26' title='bbox 547 769 596 829; x_wconf 86' lang='lat'><strong>30.</strong></span> <span class='ocrx_word' id='word_1_27' title='bbox 627 754 744 810; x_wconf 84' lang='lat' dir='ltr'>Accon.</span> <span class='ocrx_word' id='word_1_28' title='bbox 769 782 812 791; x_wconf 92' lang='lat'><em>-</em></span> <span class='ocrx_word' id='word_1_29' title='bbox 836 748 999 826; x_wconf 88' lang='lat' dir='ltr'>Radolfos,</span> <span class='ocrx_word' id='word_1_30' title='bbox 1023 749 1189 829; x_wconf 88' lang='lat' dir='ltr'>episcopus</span> <span class='ocrx_word' id='word_1_31' title='bbox 1212 750 1413 823; x_wconf 88' lang='lat' dir='ltr'>Acconensis,</span> <span class='ocrx_word' id='word_1_32' title='bbox 1438 750 1583 831; x_wconf 89' lang='lat' dir='ltr'>precibus</span> 
     </span>
     <span class='ocr_line' id='line_1_5' title="bbox 273 837 1582 919; baseline 0.001 -21"><span class='ocrx_word' id='word_1_33' title='bbox 273 837 400 917; x_wconf 83' lang='lat' dir='ltr'>Lutolli,</span> <span class='ocrx_word' id='word_1_34' title='bbox 425 838 529 917; x_wconf 86' lang='lat' dir='ltr'>magni</span> <span class='ocrx_word' id='word_1_35' title='bbox 554 838 759 919; x_wconf 84' lang='lat' dir='ltr'>praeceptoris</span> <span class='ocrx_word' id='word_1_36' title='bbox 782 853 812 899; x_wconf 92' lang='lat' dir='ltr'>et</span> <span class='ocrx_word' id='word_1_37' title='bbox 834 839 941 899; x_wconf 89' lang='lat' dir='ltr'>locum</span> <span class='ocrx_word' id='word_1_38' title='bbox 963 838 1099 918; x_wconf 86' lang='lat' dir='ltr'><strong>magistri</strong></span> <span class='ocrx_word' id='word_1_39' title='bbox 1116 839 1259 916; x_wconf 87' lang='lat' dir='ltr'>tenentis,</span> <span class='ocrx_word' id='word_1_40' title='bbox 1277 839 1387 900; x_wconf 93' lang='lat' dir='ltr'>domoi</span> <span class='ocrx_word' id='word_1_41' title='bbox 1403 839 1582 900; x_wconf 89' lang='lat' dir='ltr'>Theutoni-</span> 
     </span>
     <span class='ocr_line' id='line_1_6' title="bbox 273 926 1582 1010; baseline 0 -23"><span class='ocrx_word' id='word_1_42' title='bbox 273 945 382 988; x_wconf 92' lang='lat' dir='ltr'>corom</span> <span class='ocrx_word' id='word_1_43' title='bbox 400 929 458 988; x_wconf 90' lang='lat' dir='ltr'>sub</span> <span class='ocrx_word' id='word_1_44' title='bbox 474 947 569 988; x_wconf 90' lang='lat' dir='ltr'>censu</span> <span class='ocrx_word' id='word_1_45' title='bbox 586 926 689 988; x_wconf 88' lang='lat' dir='ltr'>annali</span> <span class='ocrx_word' id='word_1_46' title='bbox 705 927 817 989; x_wconf 86' lang='lat' dir='ltr'>LXXV</span> <span class='ocrx_word' id='word_1_47' title='bbox 829 928 1034 989; x_wconf 85' lang='lat' dir='ltr'>bisantiorum</span> <span class='ocrx_word' id='word_1_48' title='bbox 1050 927 1074 988; x_wconf 95' lang='lat' dir='ltr'>ll</span> <span class='ocrx_word' id='word_1_49' title='bbox 1091 927 1198 989; x_wconf 91' lang='lat' dir='ltr'>hortos</span> <span class='ocrx_word' id='word_1_50' title='bbox 1215 948 1309 1010; x_wconf 90' lang='lat' dir='ltr'>super</span> <span class='ocrx_word' id='word_1_51' title='bbox 1325 929 1424 1010; x_wconf 87' lang='lat' dir='ltr'>ripam</span> <span class='ocrx_word' id='word_1_52' title='bbox 1441 928 1582 989; x_wconf 89' lang='lat' dir='ltr'>fluminis</span> 
     </span>
     <span class='ocr_line' id='line_1_7' title="bbox 274 1016 1582 1097; baseline 0.002 -21"><span class='ocrx_word' id='word_1_53' title='bbox 274 1017 464 1077; x_wconf 86' lang='lat' dir='ltr'>Acconensis</span> <span class='ocrx_word' id='word_1_54' title='bbox 480 1017 555 1078; x_wconf 87' lang='lat' dir='ltr'>sitos</span> <span class='ocrx_word' id='word_1_55' title='bbox 578 1017 720 1078; x_wconf 89' lang='lat' dir='ltr'>concedit</span> <span class='ocrx_word' id='word_1_56' title='bbox 743 1032 773 1077; x_wconf 88' lang='lat' dir='ltr'>et</span> <span class='ocrx_word' id='word_1_57' title='bbox 795 1016 898 1096; x_wconf 86' lang='lat' dir='ltr'>sigillo</span> <span class='ocrx_word' id='word_1_58' title='bbox 921 1018 1033 1096; x_wconf 88' lang='lat' dir='ltr'>monit,</span> <span class='ocrx_word' id='word_1_59' title='bbox 1058 1036 1195 1097; x_wconf 92' lang='lat' dir='ltr'>qoorum</span> <span class='ocrx_word' id='word_1_60' title='bbox 1218 1016 1296 1078; x_wconf 86' lang='lat' dir='ltr'>fines</span> <span class='ocrx_word' id='word_1_61' title='bbox 1319 1033 1392 1079; x_wconf 90' lang='lat' dir='ltr'>sunt</span> <span class='ocrx_word' id='word_1_62' title='bbox 1409 1038 1444 1078; x_wconf 84' lang='lat' dir='ltr'>ex</span> <span class='ocrx_word' id='word_1_63' title='bbox 1461 1018 1582 1078; x_wconf 90' lang='lat' dir='ltr'>oriente</span> 
     </span>
     <span class='ocr_line' id='line_1_8' title="bbox 273 1105 1583 1186; baseline 0.002 -21"><span class='ocrx_word' id='word_1_64' title='bbox 273 1105 494 1167; x_wconf 88' lang='lat' dir='ltr'>molendinum</span> <span class='ocrx_word' id='word_1_65' title='bbox 517 1106 607 1185; x_wconf 88' lang='lat' dir='ltr'>regis,</span> <span class='ocrx_word' id='word_1_66' title='bbox 631 1126 667 1167; x_wconf 85' lang='lat' dir='ltr'>ex</span> <span class='ocrx_word' id='word_1_67' title='bbox 690 1107 850 1167; x_wconf 88' lang='lat' dir='ltr'>occidente</span> <span class='ocrx_word' id='word_1_68' title='bbox 876 1122 953 1168; x_wconf 90' lang='lat' dir='ltr'>terra</span> <span class='ocrx_word' id='word_1_69' title='bbox 969 1107 1253 1186; x_wconf 90' lang='lat' dir='ltr'>Theutonicorum,</span> <span class='ocrx_word' id='word_1_70' title='bbox 1277 1126 1313 1168; x_wconf 84' lang='lat' dir='ltr'>ex</span> <span class='ocrx_word' id='word_1_71' title='bbox 1336 1122 1441 1169; x_wconf 88' lang='lat' dir='ltr'>austro</span> <span class='ocrx_word' id='word_1_72' title='bbox 1462 1107 1583 1168; x_wconf 90' lang='lat' dir='ltr'>flumen</span> 
     </span>
     <span class='ocr_line' id='line_1_9' title="bbox 274 1195 1582 1277; baseline 0 -21"><span class='ocrx_word' id='word_1_73' title='bbox 274 1200 467 1274; x_wconf 80' lang='lat' dir='ltr'>Acconense,</span> <span class='ocrx_word' id='word_1_74' title='bbox 484 1215 520 1256; x_wconf 89' lang='lat' dir='ltr'>ex</span> <span class='ocrx_word' id='word_1_75' title='bbox 537 1195 685 1277; x_wconf 91' lang='lat' dir='ltr'>aquilone</span> <span class='ocrx_word' id='word_1_76' title='bbox 702 1195 750 1256; x_wconf 89' lang='lat' dir='ltr'>via</span> <span class='ocrx_word' id='word_1_77' title='bbox 766 1195 899 1277; x_wconf 90' lang='lat' dir='ltr'>publica.</span> <span class='ocrx_word' id='word_1_78' title='bbox 918 1230 961 1239; x_wconf 97' lang='lat'><strong>—</strong></span> <span class='ocrx_word' id='word_1_79' title='bbox 977 1195 1147 1257; x_wconf 85' lang='lat' dir='ltr'>Nicholaus</span> <span class='ocrx_word' id='word_1_80' title='bbox 1158 1197 1304 1276; x_wconf 87' lang='lat' dir='ltr'>decanus,</span> <span class='ocrx_word' id='word_1_81' title='bbox 1316 1196 1470 1258; x_wconf 87' lang='lat' dir='ltr'>Galterios</span> <span class='ocrx_word' id='word_1_82' title='bbox 1481 1196 1582 1257; x_wconf 89' lang='lat' dir='ltr'>archi-</span> 
     </span>
     <span class='ocr_line' id='line_1_10' title="bbox 273 1285 1581 1366; baseline 0.001 -22"><span class='ocrx_word' id='word_1_83' title='bbox 273 1285 436 1362; x_wconf 84' lang='lat' dir='ltr'>diaconus,</span> <span class='ocrx_word' id='word_1_84' title='bbox 468 1285 638 1347; x_wconf 86' lang='lat' dir='ltr'>Gaofridos</span> <span class='ocrx_word' id='word_1_85' title='bbox 664 1300 782 1364; x_wconf 91' lang='lat' dir='ltr'>cantor,</span> <span class='ocrx_word' id='word_1_86' title='bbox 813 1286 971 1346; x_wconf 85' lang='lat' dir='ltr'>lohannes</span> <span class='ocrx_word' id='word_1_87' title='bbox 997 1285 1152 1366; x_wconf 88' lang='lat' dir='ltr'>Yspanos,</span> <span class='ocrx_word' id='word_1_88' title='bbox 1185 1286 1354 1347; x_wconf 91' lang='lat' dir='ltr'>canonicos</span> <span class='ocrx_word' id='word_1_89' title='bbox 1380 1285 1581 1361; x_wconf 78' lang='lat' dir='ltr'>Acconensis,</span> 
     </span>
    </p>
   </div>
   <div class='ocr_carea' id='block_1_4' title="bbox 273 1372 1582 1545">
    <p class='ocr_par' dir='ltr' id='par_1_4' title="bbox 273 1372 1582 1545">
     <span class='ocr_line' id='line_1_11' title="bbox 274 1372 1581 1456; baseline 0.005 -21"><span class='ocrx_word' id='word_1_90' title='bbox 274 1372 367 1453; x_wconf 84' lang='lat' dir='ltr'>judex</span> <span class='ocrx_word' id='word_1_91' title='bbox 393 1375 561 1436; x_wconf 88' lang='lat' dir='ltr'>Sanctorus</span> <span class='ocrx_word' id='word_1_92' title='bbox 587 1389 616 1434; x_wconf 94' lang='lat' dir='ltr'>et</span> <span class='ocrx_word' id='word_1_93' title='bbox 641 1375 785 1454; x_wconf 87' lang='lat' dir='ltr'>magister</span> <span class='ocrx_word' id='word_1_94' title='bbox 811 1375 987 1436; x_wconf 86' lang='lat' dir='ltr'>Matthaeus</span> <span class='ocrx_word' id='word_1_95' title='bbox 1013 1374 1160 1456; x_wconf 89' lang='lat' dir='ltr'>physicus</span> <span class='ocrx_word' id='word_1_96' title='bbox 1186 1375 1347 1456; x_wconf 82' lang='lat' dir='ltr'>(Strehlke,</span> <span class='ocrx_word' id='word_1_97' title='bbox 1373 1394 1403 1456; x_wconf 87' lang='lat' dir='ltr'>p.</span> <span class='ocrx_word' id='word_1_98' title='bbox 1425 1395 1581 1454; x_wconf 84' lang='lat'><strong>72-73‚</strong></span> 
     </span>
     <span class='ocr_line' id='line_1_12' title="bbox 273 1462 1582 1545; baseline -0.002 -21"><span class='ocrx_word' id='word_1_99' title='bbox 273 1464 333 1524; x_wconf 93' lang='lat' dir='ltr'><strong>N0.</strong></span> <span class='ocrx_word' id='word_1_100' title='bbox 353 1484 410 1542; x_wconf 79' lang='lat'>913</span> <span class='ocrx_word' id='word_1_101' title='bbox 436 1464 474 1526; x_wconf 86' lang='lat' dir='ltr'>cf.</span> <span class='ocrx_word' id='word_1_102' title='bbox 492 1483 522 1545; x_wconf 93' lang='lat' dir='ltr'>p.</span> <span class='ocrx_word' id='word_1_103' title='bbox 547 1463 625 1544; x_wconf 87' lang='lat'><strong>123).</strong></span> <span class='ocrx_word' id='word_1_104' title='bbox 1491 1462 1582 1523; x_wconf 89' lang='grc'><strong>1106</strong></span> 
     </span>
    </p>
   </div>
   <div class='ocr_carea' id='block_1_5' title="bbox 271 1569 1583 3538">
    <p class='ocr_par' dir='ltr' id='par_1_5' title="bbox 273 1569 1582 2455">
     <span class='ocr_line' id='line_1_13' title="bbox 355 1569 1582 1653; baseline 0 -22"><span class='ocrx_word' id='word_1_105' title='bbox 355 1616 374 1648; x_wconf 94' lang='grc'>,,</span> <span class='ocrx_word' id='word_1_106' title='bbox 422 1569 494 1649; x_wconf 84' lang='lat' dir='ltr'>Maj.</span> <span class='ocrx_word' id='word_1_107' title='bbox 518 1592 565 1649; x_wconf 85' lang='lat'>17,</span> <span class='ocrx_word' id='word_1_108' title='bbox 592 1571 656 1632; x_wconf 93' lang='lat' dir='ltr'>ind.</span> <span class='ocrx_word' id='word_1_109' title='bbox 674 1571 740 1632; x_wconf 89' lang='lat' dir='ltr'>XV.</span> <span class='ocrx_word' id='word_1_110' title='bbox 772 1571 858 1652; x_wconf 88' lang='lat' dir='ltr'>Tyri.</span> <span class='ocrx_word' id='word_1_111' title='bbox 884 1606 927 1614; x_wconf 92' lang='lat'>—</span> <span class='ocrx_word' id='word_1_112' title='bbox 954 1571 1121 1634; x_wconf 88' lang='lat' dir='ltr'>Riccardos</span> <span class='ocrx_word' id='word_1_113' title='bbox 1147 1573 1172 1634; x_wconf 89' lang='lat' dir='ltr'>F</span> <span class='ocrx_word' id='word_1_114' title='bbox 1175 1572 1350 1653; x_wconf 87' lang='lat' dir='ltr'>ilangerios,</span> <span class='ocrx_word' id='word_1_115' title='bbox 1378 1571 1582 1632; x_wconf 89' lang='lat' dir='ltr'>marescalcus</span> 
     </span>
     <span class='ocr_line' id='line_1_14' title="bbox 274 1659 1582 1743; baseline 0.001 -23"><span class='ocrx_word' id='word_1_116' title='bbox 274 1659 421 1721; x_wconf 89' lang='lat' dir='ltr'>Friderici</span> <span class='ocrx_word' id='word_1_117' title='bbox 440 1660 474 1737; x_wconf 93' lang='lat' dir='ltr'>ll,</span> <span class='ocrx_word' id='word_1_118' title='bbox 492 1661 579 1740; x_wconf 86' lang='lat' dir='ltr'>regni</span> <span class='ocrx_word' id='word_1_119' title='bbox 596 1659 873 1741; x_wconf 86' lang='lat' dir='ltr'>Hierosolymitani</span> <span class='ocrx_word' id='word_1_120' title='bbox 897 1661 1047 1741; x_wconf 85' lang='lat' dir='ltr'>baillivus,</span> <span class='ocrx_word' id='word_1_121' title='bbox 1073 1663 1163 1724; x_wconf 87' lang='lat' dir='ltr'>Petro</span> <span class='ocrx_word' id='word_1_122' title='bbox 1187 1661 1390 1743; x_wconf 86' lang='lat' dir='ltr'>Pennapedis,</span> <span class='ocrx_word' id='word_1_123' title='bbox 1414 1660 1582 1722; x_wconf 86' lang='lat' dir='ltr'>castellano</span> 
     </span>
     <span class='ocr_line' id='line_1_15' title="bbox 275 1747 1581 1832; baseline 0.002 -24"><span class='ocrx_word' id='word_1_124' title='bbox 275 1747 572 1830; x_wconf 86' lang='lat' dir='ltr'>Hierosolymitano,</span> <span class='ocrx_word' id='word_1_125' title='bbox 584 1750 696 1811; x_wconf 90' lang='lat' dir='ltr'>CCCC</span> <span class='ocrx_word' id='word_1_126' title='bbox 707 1749 856 1811; x_wconf 88' lang='lat' dir='ltr'>bisantios</span> <span class='ocrx_word' id='word_1_127' title='bbox 872 1751 1033 1812; x_wconf 88' lang='lat' dir='ltr'>annuatim</span> <span class='ocrx_word' id='word_1_128' title='bbox 1052 1752 1089 1812; x_wconf 89' lang='lat' dir='ltr'>de</span> <span class='ocrx_word' id='word_1_129' title='bbox 1107 1752 1278 1813; x_wconf 86' lang='lat' dir='ltr'>redditibus</span> <span class='ocrx_word' id='word_1_130' title='bbox 1290 1750 1581 1832; x_wconf 89' lang='lat' dir='ltr'>Hierosolymitanis</span> 
     </span>
     <span class='ocr_line' id='line_1_16' title="bbox 273 1837 1581 1919; baseline 0.001 -21"><span class='ocrx_word' id='word_1_131' title='bbox 273 1838 490 1919; x_wconf 90' lang='lat' dir='ltr'>percipiendos</span> <span class='ocrx_word' id='word_1_132' title='bbox 506 1839 648 1900; x_wconf 86' lang='lat' dir='ltr'>concedit</span> <span class='ocrx_word' id='word_1_133' title='bbox 665 1854 695 1899; x_wconf 92' lang='lat' dir='ltr'>et</span> <span class='ocrx_word' id='word_1_134' title='bbox 710 1837 812 1918; x_wconf 85' lang='lat' dir='ltr'>sigillo</span> <span class='ocrx_word' id='word_1_135' title='bbox 835 1840 1008 1902; x_wconf 84' lang='lat' dir='ltr'>confirmat.</span> <span class='ocrx_word' id='word_1_136' title='bbox 1026 1875 1069 1884; x_wconf 90' lang='lat'>—</span> <span class='ocrx_word' id='word_1_137' title='bbox 1087 1841 1241 1903; x_wconf 80' lang='lat' dir='ltr'>Lotardus</span> <span class='ocrx_word' id='word_1_138' title='bbox 1264 1839 1288 1900; x_wconf 88' lang='lat' dir='ltr'>F</span> <span class='ocrx_word' id='word_1_139' title='bbox 1291 1840 1468 1919; x_wconf 85' lang='lat' dir='ltr'>ilangerios,</span> <span class='ocrx_word' id='word_1_140' title='bbox 1492 1839 1581 1919; x_wconf 88' lang='lat' dir='ltr'>regni</span> 
     </span>
     <span class='ocr_line' id='line_1_17' title="bbox 274 1926 1582 2009; baseline 0.001 -22"><span class='ocrx_word' id='word_1_141' title='bbox 274 1926 549 2009; x_wconf 89' lang='lat' dir='ltr'>Hierosolymitani</span> <span class='ocrx_word' id='word_1_142' title='bbox 568 1929 780 2007; x_wconf 90' lang='lat' dir='ltr'>marescalcus,</span> <span class='ocrx_word' id='word_1_143' title='bbox 798 1930 915 2007; x_wconf 87' lang='lat' dir='ltr'>Petrus,</span> <span class='ocrx_word' id='word_1_144' title='bbox 933 1930 1082 1991; x_wconf 88' lang='lat' dir='ltr'>dominus</span> <span class='ocrx_word' id='word_1_145' title='bbox 1099 1931 1137 1991; x_wconf 90' lang='lat' dir='ltr'>de</span> <span class='ocrx_word' id='word_1_146' title='bbox 1154 1930 1369 2008; x_wconf 76' lang='lat' dir='ltr'>scandalione,</span> <span class='ocrx_word' id='word_1_147' title='bbox 1387 1928 1582 1991; x_wconf 87' lang='lat' dir='ltr'>Goarnerius</span> 
     </span>
     <span class='ocr_line' id='line_1_18' title="bbox 273 2016 1580 2101; baseline 0.002 -25"><span class='ocrx_word' id='word_1_148' title='bbox 273 2016 477 2096; x_wconf 80' lang='lat' dir='ltr'>Alemannus,</span> <span class='ocrx_word' id='word_1_149' title='bbox 490 2017 603 2079; x_wconf 88' lang='lat' dir='ltr'>Paulos</span> <span class='ocrx_word' id='word_1_150' title='bbox 615 2017 873 2079; x_wconf 72' lang='grc'><strong>1111111111.-</strong></span> <span class='ocrx_word' id='word_1_151' title='bbox 884 2019 953 2079; x_wconf 90' lang='lat' dir='ltr'>Hoc</span> <span class='ocrx_word' id='word_1_152' title='bbox 970 2018 1168 2101; x_wconf 88' lang='lat' dir='ltr'>privilegium</span> <span class='ocrx_word' id='word_1_153' title='bbox 1178 2041 1201 2080; x_wconf 91' lang='lat' dir='ltr'>s.</span> <span class='ocrx_word' id='word_1_154' title='bbox 1214 2041 1240 2081; x_wconf 94' lang='lat' dir='ltr'>a.</span> <span class='ocrx_word' id='word_1_155' title='bbox 1252 2019 1381 2080; x_wconf 89' lang='lat' dir='ltr'>nomine</span> <span class='ocrx_word' id='word_1_156' title='bbox 1393 2018 1580 2096; x_wconf 89' lang='lat' dir='ltr'>Riccardini,</span> 
     </span>
     <span class='ocr_line' id='line_1_19' title="bbox 273 2105 1582 2189; baseline 0.001 -23"><span class='ocrx_word' id='word_1_157' title='bbox 273 2105 399 2167; x_wconf 89' lang='lat' dir='ltr'>Henrici</span> <span class='ocrx_word' id='word_1_158' title='bbox 410 2121 439 2166; x_wconf 91' lang='lat' dir='ltr'>et</span> <span class='ocrx_word' id='word_1_159' title='bbox 450 2105 621 2188; x_wconf 86' lang='lat' dir='ltr'>Aylentini,</span> <span class='ocrx_word' id='word_1_160' title='bbox 633 2106 768 2169; x_wconf 89' lang='lat' dir='ltr'>filiorum</span> <span class='ocrx_word' id='word_1_161' title='bbox 786 2108 930 2168; x_wconf 85' lang='lat' dir='ltr'>antedicti</span> <span class='ocrx_word' id='word_1_162' title='bbox 942 2108 1104 2189; x_wconf 92' lang='lat' dir='ltr'>quondam</span> <span class='ocrx_word' id='word_1_163' title='bbox 1121 2109 1201 2170; x_wconf 88' lang='lat' dir='ltr'>Petri</span> <span class='ocrx_word' id='word_1_164' title='bbox 1218 2108 1412 2189; x_wconf 86' lang='lat' dir='ltr'>Pennapedis</span> <span class='ocrx_word' id='word_1_165' title='bbox 1429 2122 1457 2168; x_wconf 91' lang='lat' dir='ltr'>et</span> <span class='ocrx_word' id='word_1_166' title='bbox 1475 2108 1582 2168; x_wconf 86' lang='lat' dir='ltr'>uxoris</span> 
     </span>
     <span class='ocr_line' id='line_1_20' title="bbox 273 2195 1581 2276; baseline 0.002 -21"><span class='ocrx_word' id='word_1_167' title='bbox 273 2200 423 2274; x_wconf 81' lang='lat' dir='ltr'>Agnetae,</span> <span class='ocrx_word' id='word_1_168' title='bbox 440 2195 535 2257; x_wconf 93' lang='lat' dir='ltr'>Oddo</span> <span class='ocrx_word' id='word_1_169' title='bbox 552 2196 682 2257; x_wconf 89' lang='lat' dir='ltr'>Pisanus</span> <span class='ocrx_word' id='word_1_170' title='bbox 698 2197 736 2257; x_wconf 93' lang='lat' dir='ltr'>de</span> <span class='ocrx_word' id='word_1_171' title='bbox 753 2197 850 2257; x_wconf 89' lang='lat' dir='ltr'>domo</span> <span class='ocrx_word' id='word_1_172' title='bbox 867 2196 1079 2259; x_wconf 90' lang='lat' dir='ltr'>Orlandorum</span> <span class='ocrx_word' id='word_1_173' title='bbox 1096 2199 1197 2276; x_wconf 89' lang='lat' dir='ltr'>Petro,</span> <span class='ocrx_word' id='word_1_174' title='bbox 1207 2198 1226 2276; x_wconf 91' lang='lat'>¹)</span> <span class='ocrx_word' id='word_1_175' title='bbox 1242 2197 1342 2258; x_wconf 88' lang='lat' dir='ltr'>abbati</span> <span class='ocrx_word' id='word_1_176' title='bbox 1360 2197 1390 2258; x_wconf 90' lang='lat' dir='ltr'>S.</span> <span class='ocrx_word' id='word_1_177' title='bbox 1410 2197 1524 2258; x_wconf 88' lang='lat' dir='ltr'>Mariae</span> <span class='ocrx_word' id='word_1_178' title='bbox 1542 2197 1581 2257; x_wconf 92' lang='lat' dir='ltr'>de</span> 
     </span>
     <span class='ocr_line' id='line_1_21' title="bbox 273 2283 1580 2368; baseline 0.003 -25"><span class='ocrx_word' id='word_1_179' title='bbox 273 2283 350 2345; x_wconf 91' lang='lat' dir='ltr'>valle</span> <span class='ocrx_word' id='word_1_180' title='bbox 366 2286 513 2367; x_wconf 88' lang='lat' dir='ltr'>Josaphat</span> <span class='ocrx_word' id='word_1_181' title='bbox 525 2285 726 2362; x_wconf 87' lang='lat' dir='ltr'>Acconensis,</span> <span class='ocrx_word' id='word_1_182' title='bbox 743 2288 976 2348; x_wconf 89' lang='lat' dir='ltr'>recommendat</span> <span class='ocrx_word' id='word_1_183' title='bbox 993 2285 1165 2366; x_wconf 77' lang='lat' dir='ltr'>(Rbhricht,</span> <span class='ocrx_word' id='word_1_184' title='bbox 1183 2286 1340 2349; x_wconf 80' lang='lat' dir='ltr'>Amalrich</span> <span class='ocrx_word' id='word_1_185' title='bbox 1356 2287 1378 2367; x_wconf 91' lang='lat' dir='ltr'>l,</span> <span class='ocrx_word' id='word_1_186' title='bbox 1396 2306 1425 2368; x_wconf 92' lang='lat' dir='ltr'>p.</span> <span class='ocrx_word' id='word_1_187' title='bbox 1438 2302 1520 2366; x_wconf 83' lang='lat'>493;</span> <span class='ocrx_word' id='word_1_188' title='bbox 1541 2285 1580 2347; x_wconf 87' lang='lat' dir='ltr'>cf.</span> 
     </span>
     <span class='ocr_line' id='line_1_22' title="bbox 273 2372 1580 2455; baseline -0.002 -19"><span class='ocrx_word' id='word_1_189' title='bbox 273 2393 303 2455; x_wconf 90' lang='lat' dir='ltr'>p.</span> <span class='ocrx_word' id='word_1_190' title='bbox 320 2375 406 2455; x_wconf 87' lang='lat'><strong>484).</strong></span> <span class='ocrx_word' id='word_1_191' title='bbox 1490 2372 1580 2434; x_wconf 85' lang='grc'><strong>1107</strong></span> 
     </span>
    </p>

    <p class='ocr_par' dir='ltr' id='par_1_6' title="bbox 274 2473 1583 2617">
     <span class='ocr_line' id='line_1_23' title="bbox 350 2473 1583 2548; baseline 0.002 -20"><span class='ocrx_word' id='word_1_192' title='bbox 350 2479 369 2542; x_wconf 84' lang='lat'>¹)</span> <span class='ocrx_word' id='word_1_193' title='bbox 388 2473 479 2548; x_wconf 75' lang='lat' dir='ltr'>Hujus</span> <span class='ocrx_word' id='word_1_194' title='bbox 493 2492 602 2530; x_wconf 88' lang='lat' dir='ltr'>nomen</span> <span class='ocrx_word' id='word_1_195' title='bbox 613 2493 647 2530; x_wconf 86' lang='lat' dir='ltr'>ert</span> <span class='ocrx_word' id='word_1_196' title='bbox 660 2474 802 2531; x_wconf 90' lang='lat' dir='ltr'>chronicis</span> <span class='ocrx_word' id='word_1_197' title='bbox 817 2487 845 2531; x_wconf 85' lang='lat' dir='ltr'>et</span> <span class='ocrx_word' id='word_1_198' title='bbox 858 2474 961 2531; x_wconf 87' lang='lat' dir='ltr'>chartis</span> <span class='ocrx_word' id='word_1_199' title='bbox 975 2476 1107 2530; x_wconf 89' lang='lat' dir='ltr'>nondum</span> <span class='ocrx_word' id='word_1_200' title='bbox 1121 2489 1223 2531; x_wconf 91' lang='lat' dir='ltr'>notum</span> <span class='ocrx_word' id='word_1_201' title='bbox 1238 2475 1299 2545; x_wconf 87' lang='lat' dir='ltr'>fuit,</span> <span class='ocrx_word' id='word_1_202' title='bbox 1313 2494 1368 2548; x_wconf 87' lang='lat' dir='ltr'>qua</span> <span class='ocrx_word' id='word_1_203' title='bbox 1383 2493 1413 2531; x_wconf 89' lang='lat' dir='ltr'>re</span> <span class='ocrx_word' id='word_1_204' title='bbox 1427 2475 1583 2546; x_wconf 88' lang='lat' dir='ltr'>nescimus,</span> 
     </span>
     <span class='ocr_line' id='line_1_24' title="bbox 274 2545 849 2617; baseline 0.003 -18"><span class='ocrx_word' id='word_1_205' title='bbox 274 2563 333 2617; x_wconf 91' lang='lat' dir='ltr'>quo</span> <span class='ocrx_word' id='word_1_206' title='bbox 348 2563 425 2601; x_wconf 89' lang='lat' dir='ltr'>anno</span> <span class='ocrx_word' id='word_1_207' title='bbox 438 2546 550 2601; x_wconf 87' lang='lat' dir='ltr'>abbatis</span> <span class='ocrx_word' id='word_1_208' title='bbox 564 2545 662 2603; x_wconf 84' lang='lat' dir='ltr'>officio</span> <span class='ocrx_word' id='word_1_209' title='bbox 678 2547 792 2602; x_wconf 87' lang='lat' dir='ltr'>functus</span> <span class='ocrx_word' id='word_1_210' title='bbox 806 2546 849 2602; x_wconf 91' lang='lat' dir='ltr'>sit.</span> 
     </span>
    </p>

    <p class='ocr_par' dir='ltr' id='par_1_7' title="bbox 271 2651 1582 3538">
     <span class='ocr_line' id='line_1_25' title="bbox 355 2651 1582 2730; baseline 0.002 -19"><span class='ocrx_word' id='word_1_211' title='bbox 355 2694 374 2726; x_wconf 94' lang='lat'><strong>„</strong></span> <span class='ocrx_word' id='word_1_212' title='bbox 421 2653 501 2730; x_wconf 88' lang='lat' dir='ltr'>Aug.</span> <span class='ocrx_word' id='word_1_213' title='bbox 519 2653 566 2729; x_wconf 91' lang='grc'>18,</span> <span class='ocrx_word' id='word_1_214' title='bbox 583 2651 648 2712; x_wconf 93' lang='lat' dir='ltr'>ind.</span> <span class='ocrx_word' id='word_1_215' title='bbox 666 2651 677 2711; x_wconf 95' lang='lat' dir='ltr'>l</span> <span class='ocrx_word' id='word_1_216' title='bbox 694 2651 780 2727; x_wconf 78' lang='lat' dir='ltr'><strong>(XV).</strong></span> <span class='ocrx_word' id='word_1_217' title='bbox 800 2655 917 2713; x_wconf 89' lang='lat' dir='ltr'>Accon.</span> <span class='ocrx_word' id='word_1_218' title='bbox 935 2685 978 2695; x_wconf 91' lang='lat'>—</span> <span class='ocrx_word' id='word_1_219' title='bbox 995 2651 1148 2714; x_wconf 90' lang='lat' dir='ltr'>Geraldus</span> <span class='ocrx_word' id='word_1_220' title='bbox 1159 2652 1354 2713; x_wconf 89' lang='lat' dir='ltr'>Alemannus</span> <span class='ocrx_word' id='word_1_221' title='bbox 1370 2651 1468 2726; x_wconf 91' lang='lat' dir='ltr'>miles,</span> <span class='ocrx_word' id='word_1_222' title='bbox 1480 2651 1582 2713; x_wconf 89' lang='lat' dir='ltr'>dictos</span> 
     </span>
     <span class='ocr_line' id='line_1_26' title="bbox 275 2739 1582 2822; baseline 0.001 -21"><span class='ocrx_word' id='word_1_223' title='bbox 275 2739 419 2819; x_wconf 82' lang='lat' dir='ltr'>Magnus,</span> <span class='ocrx_word' id='word_1_224' title='bbox 428 2740 447 2817; x_wconf 83' lang='lat'>¹)</span> <span class='ocrx_word' id='word_1_225' title='bbox 465 2740 575 2801; x_wconf 92' lang='lat' dir='ltr'>domui</span> <span class='ocrx_word' id='word_1_226' title='bbox 591 2740 865 2802; x_wconf 87' lang='lat' dir='ltr'>Theutonicorum</span> <span class='ocrx_word' id='word_1_227' title='bbox 883 2741 906 2802; x_wconf 97' lang='lat' dir='ltr'>ll</span> <span class='ocrx_word' id='word_1_228' title='bbox 924 2741 1038 2802; x_wconf 93' lang='lat' dir='ltr'>domos</span> <span class='ocrx_word' id='word_1_229' title='bbox 1055 2740 1236 2820; x_wconf 87' lang='lat' dir='ltr'>conjunctas</span> <span class='ocrx_word' id='word_1_230' title='bbox 1253 2741 1336 2822; x_wconf 88' lang='lat' dir='ltr'>apud</span> <span class='ocrx_word' id='word_1_231' title='bbox 1348 2742 1546 2802; x_wconf 90' lang='lat' dir='ltr'>Monmusart</span> <span class='ocrx_word' id='word_1_232' title='bbox 1559 2744 1582 2818; x_wconf 68' lang='grc'>2)</span> 
     </span>
     <span class='ocr_line' id='line_1_27' title="bbox 272 2829 1581 2912; baseline 0 -21"><span class='ocrx_word' id='word_1_233' title='bbox 272 2829 306 2891; x_wconf 88' lang='grc'>11</span> <span class='ocrx_word' id='word_1_234' title='bbox 322 2849 398 2908; x_wconf 85' lang='lat' dir='ltr'>roga</span> <span class='ocrx_word' id='word_1_235' title='bbox 415 2829 656 2891; x_wconf 88' lang='lat' dir='ltr'>calderariorum</span> <span class='ocrx_word' id='word_1_236' title='bbox 672 2831 744 2891; x_wconf 88' lang='lat' dir='ltr'>sitas</span> <span class='ocrx_word' id='word_1_237' title='bbox 760 2846 790 2891; x_wconf 88' lang='lat' dir='ltr'>et</span> <span class='ocrx_word' id='word_1_238' title='bbox 805 2846 876 2911; x_wconf 93' lang='lat' dir='ltr'>post</span> <span class='ocrx_word' id='word_1_239' title='bbox 892 2851 981 2891; x_wconf 91' lang='lat' dir='ltr'>suam</span> <span class='ocrx_word' id='word_1_240' title='bbox 998 2846 1131 2892; x_wconf 91' lang='lat' dir='ltr'>mortem</span> <span class='ocrx_word' id='word_1_241' title='bbox 1147 2830 1243 2891; x_wconf 89' lang='lat' dir='ltr'>libere</span> <span class='ocrx_word' id='word_1_242' title='bbox 1253 2830 1457 2911; x_wconf 88' lang='lat' dir='ltr'>possidendas</span> <span class='ocrx_word' id='word_1_243' title='bbox 1473 2831 1581 2912; x_wconf 87' lang='lat' dir='ltr'>donat,</span> 
     </span>
     <span class='ocr_line' id='line_1_28' title="bbox 272 2919 1581 3000; baseline 0.002 -20"><span class='ocrx_word' id='word_1_244' title='bbox 272 2938 408 3000; x_wconf 91' lang='lat' dir='ltr'>quarum</span> <span class='ocrx_word' id='word_1_245' title='bbox 423 2919 460 2978; x_wconf 93' lang='lat' dir='ltr'>ab</span> <span class='ocrx_word' id='word_1_246' title='bbox 479 2937 544 2978; x_wconf 88' lang='lat' dir='ltr'>ouo</span> <span class='ocrx_word' id='word_1_247' title='bbox 561 2919 652 2980; x_wconf 89' lang='lat' dir='ltr'>latere</span> <span class='ocrx_word' id='word_1_248' title='bbox 670 2934 715 2980; x_wconf 86' lang='lat' dir='ltr'>est</span> <span class='ocrx_word' id='word_1_249' title='bbox 731 2920 846 2981; x_wconf 92' lang='lat' dir='ltr'>domos</span> <span class='ocrx_word' id='word_1_250' title='bbox 862 2921 964 2981; x_wconf 91' lang='lat' dir='ltr'>coriae</span> <span class='ocrx_word' id='word_1_251' title='bbox 981 2920 1100 2998; x_wconf 85' lang='lat' dir='ltr'>regalis,</span> <span class='ocrx_word' id='word_1_252' title='bbox 1116 2921 1153 2981; x_wconf 94' lang='lat' dir='ltr'>ab</span> <span class='ocrx_word' id='word_1_253' title='bbox 1170 2920 1230 2980; x_wconf 87' lang='lat' dir='ltr'>alio</span> <span class='ocrx_word' id='word_1_254' title='bbox 1247 2919 1361 2980; x_wconf 90' lang='lat' dir='ltr'>domos</span> <span class='ocrx_word' id='word_1_255' title='bbox 1377 2919 1525 3000; x_wconf 89' lang='lat' dir='ltr'>Hugonis</span> <span class='ocrx_word' id='word_1_256' title='bbox 1542 2921 1581 2982; x_wconf 90' lang='lat' dir='ltr'>de</span> 
     </span>
     <span class='ocr_line' id='line_1_29' title="bbox 272 3007 1581 3091; baseline 0 -21"><span class='ocrx_word' id='word_1_257' title='bbox 272 3007 447 3070; x_wconf 85' lang='lat' dir='ltr'>Calderaria</span> <span class='ocrx_word' id='word_1_258' title='bbox 463 3023 494 3069; x_wconf 90' lang='lat' dir='ltr'>et</span> <span class='ocrx_word' id='word_1_259' title='bbox 509 3010 547 3068; x_wconf 91' lang='lat' dir='ltr'>ab</span> <span class='ocrx_word' id='word_1_260' title='bbox 565 3008 693 3070; x_wconf 88' lang='lat' dir='ltr'>introito</span> <span class='ocrx_word' id='word_1_261' title='bbox 710 3008 846 3090; x_wconf 91' lang='lat' dir='ltr'>ipsarum</span> <span class='ocrx_word' id='word_1_262' title='bbox 857 3010 1026 3071; x_wconf 91' lang='lat' dir='ltr'>domorum</span> <span class='ocrx_word' id='word_1_263' title='bbox 1044 3009 1143 3091; x_wconf 88' lang='lat' dir='ltr'>platea</span> <span class='ocrx_word' id='word_1_264' title='bbox 1160 3007 1242 3088; x_wconf 86' lang='lat' dir='ltr'>joxta</span> <span class='ocrx_word' id='word_1_265' title='bbox 1254 3008 1414 3088; x_wconf 87' lang='lat' dir='ltr'>fossatum,</span> <span class='ocrx_word' id='word_1_266' title='bbox 1426 3025 1581 3090; x_wconf 85' lang='lat' dir='ltr'>praeterea</span> 
     </span>
     <span class='ocr_line' id='line_1_30' title="bbox 272 3097 1580 3180; baseline 0.001 -22"><span class='ocrx_word' id='word_1_267' title='bbox 272 3112 374 3158; x_wconf 88' lang='lat' dir='ltr'>totum</span> <span class='ocrx_word' id='word_1_268' title='bbox 385 3097 563 3158; x_wconf 90' lang='lat' dir='ltr'>harnesium</span> <span class='ocrx_word' id='word_1_269' title='bbox 575 3098 715 3177; x_wconf 88' lang='lat' dir='ltr'>militare,</span> <span class='ocrx_word' id='word_1_270' title='bbox 732 3114 766 3159; x_wconf 94' lang='lat' dir='ltr'>ot</span> <span class='ocrx_word' id='word_1_271' title='bbox 782 3099 815 3159; x_wconf 89' lang='lat' dir='ltr'>in</span> <span class='ocrx_word' id='word_1_272' title='bbox 825 3099 1108 3160; x_wconf 86' lang='lat' dir='ltr'>confraternitatem</span> <span class='ocrx_word' id='word_1_273' title='bbox 1119 3099 1394 3160; x_wconf 88' lang='lat' dir='ltr'>Theutonicorum</span> <span class='ocrx_word' id='word_1_274' title='bbox 1404 3098 1580 3180; x_wconf 88' lang='lat' dir='ltr'>recipiatur,</span> 
     </span>
     <span class='ocr_line' id='line_1_31' title="bbox 272 3185 1580 3269; baseline 0.001 -20"><span class='ocrx_word' id='word_1_275' title='bbox 272 3202 302 3249; x_wconf 88' lang='lat' dir='ltr'>et</span> <span class='ocrx_word' id='word_1_276' title='bbox 324 3185 426 3266; x_wconf 86' lang='lat' dir='ltr'>sigillo</span> <span class='ocrx_word' id='word_1_277' title='bbox 450 3185 574 3247; x_wconf 87' lang='lat' dir='ltr'>Radolfi</span> <span class='ocrx_word' id='word_1_278' title='bbox 598 3187 736 3268; x_wconf 92' lang='lat' dir='ltr'>episcopi</span> <span class='ocrx_word' id='word_1_279' title='bbox 759 3187 931 3249; x_wconf 87' lang='lat' dir='ltr'>confirmat.</span> <span class='ocrx_word' id='word_1_280' title='bbox 948 3222 993 3231; x_wconf 92' lang='lat'>—</span> <span class='ocrx_word' id='word_1_281' title='bbox 1009 3188 1173 3268; x_wconf 75' lang='lat' dir='ltr'>hadulfus,</span> <span class='ocrx_word' id='word_1_282' title='bbox 1194 3187 1360 3269; x_wconf 88' lang='lat' dir='ltr'>episcopos</span> <span class='ocrx_word' id='word_1_283' title='bbox 1377 3189 1580 3266; x_wconf 86' lang='lat' dir='ltr'>Acconensis,</span> 
     </span>
     <span class='ocr_line' id='line_1_32' title="bbox 274 3275 1580 3359; baseline 0.003 -24"><span class='ocrx_word' id='word_1_284' title='bbox 274 3276 283 3352; x_wconf 91' lang='lat'>(</span> <span class='ocrx_word' id='word_1_285' title='bbox 466 3275 514 3353; x_wconf 87' lang='lat'>),³)</span> <span class='ocrx_word' id='word_1_286' title='bbox 531 3276 767 3338; x_wconf 88' lang='lat' dir='ltr'>archidiaconus</span> <span class='ocrx_word' id='word_1_287' title='bbox 790 3278 991 3357; x_wconf 88' lang='lat' dir='ltr'>Acconensis,</span> <span class='ocrx_word' id='word_1_288' title='bbox 1013 3277 1179 3357; x_wconf 85' lang='lat' dir='ltr'>Lodolfus,</span> <span class='ocrx_word' id='word_1_289' title='bbox 1205 3277 1397 3359; x_wconf 88' lang='lat' dir='ltr'>praepositos</span> <span class='ocrx_word' id='word_1_290' title='bbox 1420 3279 1580 3339; x_wconf 89' lang='lat' dir='ltr'>Monaste-</span> 
     </span>
     <span class='ocr_line' id='line_1_33' title="bbox 272 3364 1581 3448; baseline 0.001 -22"><span class='ocrx_word' id='word_1_291' title='bbox 272 3364 419 3444; x_wconf 71' lang='lat' dir='ltr'>riensis,⁴)</span> <span class='ocrx_word' id='word_1_292' title='bbox 436 3364 609 3426; x_wconf 88' lang='lat' dir='ltr'>Balduinus</span> <span class='ocrx_word' id='word_1_293' title='bbox 626 3366 665 3427; x_wconf 92' lang='lat' dir='ltr'>de</span> <span class='ocrx_word' id='word_1_294' title='bbox 675 3366 834 3446; x_wconf 86' lang='lat' dir='ltr'>Pinkenie,</span> <span class='ocrx_word' id='word_1_295' title='bbox 845 3380 874 3428; x_wconf 90' lang='lat' dir='ltr'>et</span> <span class='ocrx_word' id='word_1_296' title='bbox 883 3366 1048 3428; x_wconf 89' lang='lat' dir='ltr'>Bertoldus</span> <span class='ocrx_word' id='word_1_297' title='bbox 1059 3368 1181 3448; x_wconf 90' lang='lat' dir='ltr'>milites,</span> <span class='ocrx_word' id='word_1_298' title='bbox 1193 3366 1359 3446; x_wconf 86' lang='lat' dir='ltr'>lohannes,</span> <span class='ocrx_word' id='word_1_299' title='bbox 1370 3366 1454 3448; x_wconf 90' lang='lat' dir='ltr'>prior</span> <span class='ocrx_word' id='word_1_300' title='bbox 1464 3367 1581 3428; x_wconf 90' lang='lat' dir='ltr'>domos</span> 
     </span>
     <span class='ocr_line' id='line_1_34' title="bbox 271 3454 1580 3538; baseline -0.001 -23"><span class='ocrx_word' id='word_1_301' title='bbox 271 3454 544 3515; x_wconf 89' lang='lat' dir='ltr'>Theutonicorum</span> <span class='ocrx_word' id='word_1_302' title='bbox 562 3455 723 3534; x_wconf 86' lang='lat' dir='ltr'>(Strehlke,</span> <span class='ocrx_word' id='word_1_303' title='bbox 740 3475 770 3537; x_wconf 95' lang='lat' dir='ltr'>p.</span> <span class='ocrx_word' id='word_1_304' title='bbox 789 3476 931 3537; x_wconf 86' lang='lat'>73—74,</span> <span class='ocrx_word' id='word_1_305' title='bbox 949 3457 1008 3518; x_wconf 93' lang='lat' dir='ltr'><strong>N0.</strong></span> <span class='ocrx_word' id='word_1_306' title='bbox 1027 3476 1085 3536; x_wconf 79' lang='lat'>923</span> <span class='ocrx_word' id='word_1_307' title='bbox 1110 3456 1148 3518; x_wconf 91' lang='lat' dir='ltr'>cf.</span> <span class='ocrx_word' id='word_1_308' title='bbox 1166 3476 1196 3538; x_wconf 91' lang='lat' dir='ltr'>p.</span> <span class='ocrx_word' id='word_1_309' title='bbox 1220 3456 1299 3536; x_wconf 85' lang='lat'><strong>125).</strong></span> <span class='ocrx_word' id='word_1_310' title='bbox 1490 3454 1580 3515; x_wconf 86' lang='grc'><strong>1108</strong></span> 
     </span>
    </p>
   </div>
   <div class='ocr_carea' id='block_1_6' title="bbox 271 3556 1581 4135">
    <p class='ocr_par' dir='ltr' id='par_1_8' title="bbox 272 3556 1581 3845">
     <span class='ocr_line' id='line_1_35' title="bbox 348 3556 1580 3630; baseline 0.002 -19"><span class='ocrx_word' id='word_1_311' title='bbox 348 3559 367 3624; x_wconf 91' lang='lat'>¹)</span> <span class='ocrx_word' id='word_1_312' title='bbox 387 3557 417 3610; x_wconf 89' lang='lat' dir='ltr'><strong>P.</strong></span> <span class='ocrx_word' id='word_1_313' title='bbox 436 3571 499 3630; x_wconf 86' lang='lat'>125:</span> <span class='ocrx_word' id='word_1_314' title='bbox 517 3556 618 3612; x_wconf 77' lang='lat' dir='ltr'>fortis.</span> <span class='ocrx_word' id='word_1_315' title='bbox 711 3559 732 3628; x_wconf 78' lang='lat'>²)</span> <span class='ocrx_word' id='word_1_316' title='bbox 752 3559 819 3626; x_wconf 89' lang='lat' dir='ltr'>Quo</span> <span class='ocrx_word' id='word_1_317' title='bbox 834 3558 952 3614; x_wconf 89' lang='lat' dir='ltr'>nomine</span> <span class='ocrx_word' id='word_1_318' title='bbox 967 3557 1471 3630; x_wconf 68' lang='grc'><strong>1111111111·1111111111111111111111»</strong></span> <span class='ocrx_word' id='word_1_319' title='bbox 1487 3557 1580 3613; x_wconf 89' lang='lat' dir='ltr'>inesse</span> 
     </span>
     <span class='ocr_line' id='line_1_36' title="bbox 272 3627 1581 3702; baseline 0 -18"><span class='ocrx_word' id='word_1_320' title='bbox 272 3628 384 3684; x_wconf 90' lang='lat' dir='ltr'>videtur</span> <span class='ocrx_word' id='word_1_321' title='bbox 396 3627 737 3697; x_wconf 85' lang='lat' dir='ltr'>(Clermont-Ganneau).</span> <span class='ocrx_word' id='word_1_322' title='bbox 811 3632 833 3697; x_wconf 80' lang='lat'>³)</span> <span class='ocrx_word' id='word_1_323' title='bbox 847 3631 953 3702; x_wconf 84' lang='lat' dir='ltr'>Aperte</span> <span class='ocrx_word' id='word_1_324' title='bbox 967 3630 1160 3702; x_wconf 88' lang='lat' dir='ltr'>supplendum</span> <span class='ocrx_word' id='word_1_325' title='bbox 1174 3644 1231 3685; x_wconf 90' lang='lat' dir='ltr'>est:</span> <span class='ocrx_word' id='word_1_326' title='bbox 1245 3629 1415 3685; x_wconf 85' lang='lat' dir='ltr'>Goalterius.</span> <span class='ocrx_word' id='word_1_327' title='bbox 1484 3635 1507 3698; x_wconf 87' lang='lat'>⁴)</span> <span class='ocrx_word' id='word_1_328' title='bbox 1522 3629 1581 3699; x_wconf 89' lang='lat' dir='ltr'>Qoi</span> 
     </span>
     <span class='ocr_line' id='line_1_37' title="bbox 276 3699 1579 3825; baseline 0.001 -71"><span class='ocrx_word' id='word_1_329' title='bbox 276 3718 307 3825; x_wconf 55' lang='lat' dir='ltr'>X</span> <span class='ocrx_word' id='word_1_330' title='bbox 320 3700 401 3756; x_wconf 87' lang='lat' dir='ltr'>Febr.</span> <span class='ocrx_word' id='word_1_331' title='bbox 415 3717 475 3769; x_wconf 82' lang='lat'>¹24¹</span> <span class='ocrx_word' id='word_1_332' title='bbox 493 3699 659 3755; x_wconf 90' lang='lat' dir='ltr'>Monasterii</span> <span class='ocrx_word' id='word_1_333' title='bbox 673 3699 846 3756; x_wconf 89' lang='lat' dir='ltr'>constitutus</span> <span class='ocrx_word' id='word_1_334' title='bbox 860 3714 1039 3756; x_wconf 90' lang='lat' dir='ltr'>memorator</span> <span class='ocrx_word' id='word_1_335' title='bbox 1052 3701 1232 3772; x_wconf 89' lang='lat' dir='ltr'>(Wilmanns,</span> <span class='ocrx_word' id='word_1_336' title='bbox 1245 3701 1380 3756; x_wconf 74' lang='lat' dir='ltr'>Westftll.</span> <span class='ocrx_word' id='word_1_337' title='bbox 1392 3700 1579 3757; x_wconf 86' lang='lat' dir='ltr'>Urkundenb.</span> 
     </span>
     <span class='ocr_line' id='line_1_38' title="bbox 276 3771 679 3845; baseline 0.005 -21"><span class='ocrx_word' id='word_1_338' title='bbox 276 3789 283 3825; x_wconf 96' lang='grc'>1</span> <span class='ocrx_word' id='word_1_339' title='bbox 308 3790 352 3844; x_wconf 78' lang='lat'>59,</span> <span class='ocrx_word' id='word_1_340' title='bbox 365 3771 408 3841; x_wconf 96' lang='lat' dir='ltr'>lll,</span> <span class='ocrx_word' id='word_1_341' title='bbox 421 3789 448 3842; x_wconf 91' lang='lat' dir='ltr'><strong>p.</strong></span> <span class='ocrx_word' id='word_1_342' title='bbox 462 3789 523 3843; x_wconf 85' lang='lat'>207,</span> <span class='ocrx_word' id='word_1_343' title='bbox 538 3772 592 3827; x_wconf 88' lang='grc' dir='ltr'>Νο.</span> <span class='ocrx_word' id='word_1_344' title='bbox 608 3771 679 3845; x_wconf 84' lang='lat'><strong>382).</strong></span> 
     </span>
    </p>

    <p class='ocr_par' dir='ltr' id='par_1_9' title="bbox 271 3875 1579 4135">
     <span class='ocr_line' id='line_1_39' title="bbox 352 3875 1579 3956; baseline 0.001 -20"><span class='ocrx_word' id='word_1_345' title='bbox 352 3919 371 3951; x_wconf 92' lang='lat'><strong>„</strong></span> <span class='ocrx_word' id='word_1_346' title='bbox 423 3912 457 3922; x_wconf 93' lang='lat'><em>-</em></span> <span class='ocrx_word' id='word_1_347' title='bbox 478 3875 675 3956; x_wconf 75' lang='lat' dir='ltr'>Rostanglus)</span> <span class='ocrx_word' id='word_1_348' title='bbox 692 3877 730 3937; x_wconf 91' lang='lat' dir='ltr'>de</span> <span class='ocrx_word' id='word_1_349' title='bbox 747 3876 846 3938; x_wconf 90' lang='lat' dir='ltr'>Podio</span> <span class='ocrx_word' id='word_1_350' title='bbox 857 3875 931 3938; x_wconf 90' lang='lat' dir='ltr'>Alto</span> <span class='ocrx_word' id='word_1_351' title='bbox 948 3877 1128 3954; x_wconf 88' lang='lat' dir='ltr'>Raimondi,</span> <span class='ocrx_word' id='word_1_352' title='bbox 1146 3877 1268 3938; x_wconf 88' lang='lat' dir='ltr'>comitis</span> <span class='ocrx_word' id='word_1_353' title='bbox 1278 3877 1430 3939; x_wconf 91' lang='lat' dir='ltr'>Tolosani</span> <span class='ocrx_word' id='word_1_354' title='bbox 1447 3876 1579 3939; x_wconf 89' lang='lat' dir='ltr'>vicarios</span> 
     </span>
     <span class='ocr_line' id='line_1_40' title="bbox 271 3963 1579 4048; baseline 0.002 -22"><span class='ocrx_word' id='word_1_355' title='bbox 271 3963 424 4026; x_wconf 87' lang='lat' dir='ltr'>Massiliae</span> <span class='ocrx_word' id='word_1_356' title='bbox 449 3965 645 4044; x_wconf 88' lang='lat' dir='ltr'>constitutos,</span> <span class='ocrx_word' id='word_1_357' title='bbox 672 3964 855 4027; x_wconf 88' lang='lat' dir='ltr'>consulibus</span> <span class='ocrx_word' id='word_1_358' title='bbox 880 3965 1020 4045; x_wconf 82' lang='lat' dir='ltr'>ejusdem</span> <span class='ocrx_word' id='word_1_359' title='bbox 1045 3967 1223 4028; x_wconf 88' lang='lat' dir='ltr'>communis</span> <span class='ocrx_word' id='word_1_360' title='bbox 1250 3966 1354 4048; x_wconf 87' lang='lat' dir='ltr'>Syriae</span> <span class='ocrx_word' id='word_1_361' title='bbox 1380 3966 1517 4043; x_wconf 88' lang='lat' dir='ltr'>mandat,</span> <span class='ocrx_word' id='word_1_362' title='bbox 1544 3983 1579 4028; x_wconf 91' lang='lat' dir='ltr'>ut</span> 
     </span>
     <span class='ocr_line' id='line_1_41' title="bbox 271 4054 1579 4135; baseline 0 -20"><span class='ocrx_word' id='word_1_363' title='bbox 271 4054 416 4134; x_wconf 88' lang='lat' dir='ltr'>Hogoae,</span> <span class='ocrx_word' id='word_1_364' title='bbox 442 4054 544 4116; x_wconf 91' lang='lat' dir='ltr'>tutrici</span> <span class='ocrx_word' id='word_1_365' title='bbox 567 4056 737 4117; x_wconf 88' lang='lat' dir='ltr'>liberorum</span> <span class='ocrx_word' id='word_1_366' title='bbox 754 4055 925 4135; x_wconf 88' lang='lat' dir='ltr'>Guillelmi,</span> <span class='ocrx_word' id='word_1_367' title='bbox 951 4055 1139 4118; x_wconf 89' lang='lat' dir='ltr'>vicecomitis</span> <span class='ocrx_word' id='word_1_368' title='bbox 1165 4056 1376 4134; x_wconf 90' lang='lat' dir='ltr'>Massiliensis,</span> <span class='ocrx_word' id='word_1_369' title='bbox 1405 4057 1436 4117; x_wconf 95' lang='lat' dir='ltr'>M</span> <span class='ocrx_word' id='word_1_370' title='bbox 1460 4056 1579 4116; x_wconf 92' lang='lat' dir='ltr'>solidos</span> 
     </span>
    </p>
   </div>
   <div class='ocr_carea' id='block_1_7' title="bbox 270 4142 1579 4228">
    <p class='ocr_par' dir='ltr' id='par_1_10' title="bbox 270 4142 1579 4228">
     <span class='ocr_line' id='line_1_42' title="bbox 270 4142 1579 4228; baseline 0 -24"><span class='ocrx_word' id='word_1_371' title='bbox 270 4143 386 4223; x_wconf 80' lang='lat' dir='ltr'>regales</span> <span class='ocrx_word' id='word_1_372' title='bbox 402 4144 639 4228; x_wconf 46' lang='lat' dir='ltr'>solvant-(Mery</span> <span class='ocrx_word' id='word_1_373' title='bbox 656 4144 676 4224; x_wconf 92' lang='lat' dir='ltr'>l,</span> <span class='ocrx_word' id='word_1_374' title='bbox 692 4165 722 4226; x_wconf 97' lang='lat' dir='ltr'><strong>p.</strong></span> <span class='ocrx_word' id='word_1_375' title='bbox 739 4147 825 4225; x_wconf 84' lang='lat'><strong>432).</strong></span> <span class='ocrx_word' id='word_1_376' title='bbox 1487 4142 1579 4204; x_wconf 88' lang='grc'><strong>1109</strong></span> 
     </span>
    </p>
   </div>
   <div class='ocr_carea' id='block_1_8' title="bbox 268 4249 1579 4963">
    <p class='ocr_par' dir='ltr' id='par_1_11' title="bbox 268 4249 1579 4963">
     <span class='ocr_line' id='line_1_43' title="bbox 319 4249 1578 4334; baseline 0.002 -24"><span class='ocrx_word' id='word_1_377' title='bbox 319 4249 409 4311; x_wconf 85' lang='grc'><strong>1243</strong></span> <span class='ocrx_word' id='word_1_378' title='bbox 426 4252 514 4314; x_wconf 91' lang='lat' dir='ltr'>Febr.</span> <span class='ocrx_word' id='word_1_379' title='bbox 532 4252 654 4334; x_wconf 90' lang='lat' dir='ltr'>Tripoli</span> <span class='ocrx_word' id='word_1_380' title='bbox 671 4253 703 4314; x_wconf 93' lang='lat' dir='ltr'>in</span> <span class='ocrx_word' id='word_1_381' title='bbox 720 4252 833 4334; x_wconf 87' lang='lat' dir='ltr'>palatio</span> <span class='ocrx_word' id='word_1_382' title='bbox 850 4253 971 4315; x_wconf 89' lang='lat' dir='ltr'>comitis</span> <span class='ocrx_word' id='word_1_383' title='bbox 988 4251 1126 4332; x_wconf 79' lang='lat' dir='ltr'>(gallice).</span> <span class='ocrx_word' id='word_1_384' title='bbox 1138 4253 1414 4330; x_wconf 88' lang='lat' dir='ltr'>-Boemunle,</span> <span class='ocrx_word' id='word_1_385' title='bbox 1432 4252 1578 4334; x_wconf 90' lang='lat' dir='ltr'>princeps</span> 
     </span>
     <span class='ocr_line' id='line_1_44' title="bbox 271 4342 1579 4424; baseline -0.002 -21"><span class='ocrx_word' id='word_1_386' title='bbox 271 4342 490 4404; x_wconf 83' lang='lat' dir='ltr'>Antiochenus</span> <span class='ocrx_word' id='word_1_387' title='bbox 507 4357 536 4403; x_wconf 90' lang='lat' dir='ltr'>et</span> <span class='ocrx_word' id='word_1_388' title='bbox 552 4361 657 4404; x_wconf 91' lang='lat' dir='ltr'>comes</span> <span class='ocrx_word' id='word_1_389' title='bbox 673 4342 897 4423; x_wconf 84' lang='lat' dir='ltr'>Tripolitanos,</span> <span class='ocrx_word' id='word_1_390' title='bbox 920 4343 1063 4424; x_wconf 89' lang='lat' dir='ltr'>precibus</span> <span class='ocrx_word' id='word_1_391' title='bbox 1087 4344 1256 4405; x_wconf 85' lang='lat' dir='ltr'>Raimundi</span> <span class='ocrx_word' id='word_1_392' title='bbox 1273 4343 1441 4418; x_wconf 79' lang='lat' dir='ltr'>(Raimont)</span> <span class='ocrx_word' id='word_1_393' title='bbox 1462 4342 1579 4403; x_wconf 90' lang='lat' dir='ltr'>Contet</span> 
     </span>
     <span class='ocr_line' id='line_1_45' title="bbox 269 4430 1579 4514; baseline -0.002 -20"><span class='ocrx_word' id='word_1_394' title='bbox 269 4446 300 4494; x_wconf 87' lang='lat' dir='ltr'>et</span> <span class='ocrx_word' id='word_1_395' title='bbox 316 4431 477 4494; x_wconf 90' lang='lat' dir='ltr'>Guillelmi</span> <span class='ocrx_word' id='word_1_396' title='bbox 488 4430 688 4509; x_wconf 90' lang='lat' dir='ltr'>(Guillaume)</span> <span class='ocrx_word' id='word_1_397' title='bbox 698 4432 854 4511; x_wconf 76' lang='lat' dir='ltr'>berenger</span> <span class='ocrx_word' id='word_1_398' title='bbox 870 4433 988 4493; x_wconf 89' lang='lat' dir='ltr'>civibus</span> <span class='ocrx_word' id='word_1_399' title='bbox 999 4432 1292 4514; x_wconf 89' lang='lat' dir='ltr'>Montispessulanis</span> <span class='ocrx_word' id='word_1_400' title='bbox 1309 4432 1340 4493; x_wconf 90' lang='lat' dir='ltr'>in</span> <span class='ocrx_word' id='word_1_401' title='bbox 1358 4431 1501 4493; x_wconf 83' lang='lat' dir='ltr'>domiuio</span> <span class='ocrx_word' id='word_1_402' title='bbox 1517 4452 1579 4492; x_wconf 91' lang='lat' dir='ltr'>suo</span> 
     </span>
     <span class='ocr_line' id='line_1_46' title="bbox 270 4520 1573 4602; baseline 0 -22"><span class='ocrx_word' id='word_1_403' title='bbox 270 4520 351 4582; x_wconf 90' lang='lat' dir='ltr'>varia</span> <span class='ocrx_word' id='word_1_404' title='bbox 367 4521 524 4602; x_wconf 86' lang='lat' dir='ltr'>privilegia</span> <span class='ocrx_word' id='word_1_405' title='bbox 541 4521 684 4583; x_wconf 90' lang='lat' dir='ltr'>concedit</span> <span class='ocrx_word' id='word_1_406' title='bbox 700 4536 728 4582; x_wconf 90' lang='lat' dir='ltr'>et</span> <span class='ocrx_word' id='word_1_407' title='bbox 744 4521 846 4601; x_wconf 86' lang='lat' dir='ltr'>sigillo</span> <span class='ocrx_word' id='word_1_408' title='bbox 863 4520 1036 4582; x_wconf 86' lang='lat' dir='ltr'>confirmat.</span> <span class='ocrx_word' id='word_1_409' title='bbox 1048 4522 1242 4582; x_wconf 87' lang='lat' dir='ltr'>-Thomas</span> <span class='ocrx_word' id='word_1_410' title='bbox 1259 4522 1297 4582; x_wconf 92' lang='lat' dir='ltr'>de</span> <span class='ocrx_word' id='word_1_411' title='bbox 1314 4523 1407 4601; x_wconf 90' lang='lat' dir='ltr'>Ham,</span> <span class='ocrx_word' id='word_1_412' title='bbox 1424 4535 1573 4582; x_wconf 92' lang='lat' dir='ltr'>comesta-</span> 
     </span>
     <span class='ocr_line' id='line_1_47' title="bbox 269 4610 1576 4693; baseline 0 -22"><span class='ocrx_word' id='word_1_413' title='bbox 269 4611 363 4673; x_wconf 91' lang='lat' dir='ltr'>bulus</span> <span class='ocrx_word' id='word_1_414' title='bbox 388 4610 613 4692; x_wconf 84' lang='lat' dir='ltr'>Tripolitanos,</span> <span class='ocrx_word' id='word_1_415' title='bbox 645 4611 757 4691; x_wconf 83' lang='lat' dir='ltr'>lohan,</span> <span class='ocrx_word' id='word_1_416' title='bbox 784 4610 986 4671; x_wconf 89' lang='lat' dir='ltr'>marescalcus</span> <span class='ocrx_word' id='word_1_417' title='bbox 1010 4611 1234 4693; x_wconf 83' lang='lat' dir='ltr'>Tripolitanos,</span> <span class='ocrx_word' id='word_1_418' title='bbox 1261 4612 1391 4673; x_wconf 87' lang='lat' dir='ltr'>Amaori</span> <span class='ocrx_word' id='word_1_419' title='bbox 1417 4610 1576 4689; x_wconf 85' lang='lat' dir='ltr'>Saraman,</span> 
     </span>
     <span class='ocr_line' id='line_1_48' title="bbox 268 4698 1577 4782; baseline -0.002 -20"><span class='ocrx_word' id='word_1_420' title='bbox 268 4700 371 4762; x_wconf 88' lang='lat' dir='ltr'>Johan</span> <span class='ocrx_word' id='word_1_421' title='bbox 387 4700 425 4762; x_wconf 91' lang='lat' dir='ltr'>de</span> <span class='ocrx_word' id='word_1_422' title='bbox 442 4700 579 4778; x_wconf 89' lang='lat' dir='ltr'>Farabel,</span> <span class='ocrx_word' id='word_1_423' title='bbox 604 4699 733 4762; x_wconf 90' lang='lat' dir='ltr'>Nicolos</span> <span class='ocrx_word' id='word_1_424' title='bbox 750 4700 887 4761; x_wconf 90' lang='lat' dir='ltr'>Farmac.</span> <span class='ocrx_word' id='word_1_425' title='bbox 918 4701 1034 4761; x_wconf 91' lang='lat' dir='ltr'>Datum</span> <span class='ocrx_word' id='word_1_426' title='bbox 1051 4720 1106 4782; x_wconf 92' lang='lat' dir='ltr'>per</span> <span class='ocrx_word' id='word_1_427' title='bbox 1122 4720 1251 4762; x_wconf 85' lang='lat' dir='ltr'>manum</span> <span class='ocrx_word' id='word_1_428' title='bbox 1268 4698 1438 4778; x_wconf 86' lang='lat' dir='ltr'>lohan(nis)</span> <span class='ocrx_word' id='word_1_429' title='bbox 1455 4699 1577 4761; x_wconf 88' lang='lat' dir='ltr'>cancel-</span> 
     </span>
     <span class='ocr_line' id='line_1_49' title="bbox 268 4789 1577 4872; baseline -0.001 -21"><span class='ocrx_word' id='word_1_430' title='bbox 268 4790 335 4851; x_wconf 86' lang='lat' dir='ltr'>lnrii</span> <span class='ocrx_word' id='word_1_431' title='bbox 352 4789 522 4869; x_wconf 84' lang='lat' dir='ltr'>(Germain,</span> <span class='ocrx_word' id='word_1_432' title='bbox 539 4790 618 4852; x_wconf 91' lang='lat' dir='ltr'>Hist.</span> <span class='ocrx_word' id='word_1_433' title='bbox 636 4791 675 4852; x_wconf 90' lang='lat' dir='ltr'>de</span> <span class='ocrx_word' id='word_1_434' title='bbox 691 4789 906 4853; x_wconf 79' lang='lat' dir='ltr'>incommune</span> <span class='ocrx_word' id='word_1_435' title='bbox 923 4790 961 4850; x_wconf 92' lang='lat' dir='ltr'>de</span> <span class='ocrx_word' id='word_1_436' title='bbox 978 4789 1186 4872; x_wconf 89' lang='lat' dir='ltr'>Montpellier,</span> <span class='ocrx_word' id='word_1_437' title='bbox 1210 4790 1410 4871; x_wconf 89' lang='lat' dir='ltr'>Montpellier</span> <span class='ocrx_word' id='word_1_438' title='bbox 1431 4791 1524 4871; x_wconf 82' lang='lat'>1851,</span> <span class='ocrx_word' id='word_1_439' title='bbox 1542 4790 1577 4871; x_wconf 91' lang='lat' dir='ltr'>ll,</span> 
     </span>
     <span class='ocr_line' id='line_1_50' title="bbox 269 4876 1578 4963; baseline -0.004 -2"><span class='ocrx_word' id='word_1_440' title='bbox 269 4879 1020 4963; x_wconf 55' lang='grc' dir='ltr'><strong>1)·511-515,Νο·41;1111111111).</strong></span> <span class='ocrx_word' id='word_1_441' title='bbox 1485 4876 1578 4938; x_wconf 87' lang='lat'><strong>¹¹¹0</strong></span> 
     </span>
    </p>
   </div>
   <div class='ocr_carea' id='block_1_9' title="bbox 0 0 1704 5400">
    <p class='ocr_par' dir='ltr' id='par_1_12' title="bbox 0 0 1704 5400">
     <span class='ocr_line' id='line_1_51' title="bbox 0 0 1704 5400; baseline 0 1"><span class='ocrx_word' id='word_1_442' title='bbox 0 0 1704 5400; x_wconf 95' lang='lat' dir='ltr'> </span> 
     </span>
    </p>
   </div>
  </div>
 </body>
</html>
