3398 5400
263 357 327 435 284
824 351 999 423 Regesta

261 571 462 650 Acconensis,
474 573 642 650 Iohannes,
653 574 745 633 abbas
756 573 786 633 S.
797 572 959 651 Samuelis,
971 572 1088 652 Guido,
1100 572 1184 654 prior
1194 572 1224 635 S.
1235 573 1397 635 Katerinae
1408 570 1568 650 (Strehlke,

262 680 292 742 p.
310 662 452 740 68-69,
470 662 530 724 Νο.
549 663 607 738 86;
632 662 670 724 cf.
688 682 718 743 p.
742 662 821 743 123).
1477 658 1566 720 1087

306 766 413 846 (1239
429 769 571 848 ineunt).
589 803 632 813 --
649 770 860 847 Hermannus,
884 768 1029 849 magister
1044 769 1180 850 Templi,
1204 768 1354 831 Gualtero
1377 770 1415 830 de
1436 769 1568 830 Avesnis

263 858 393 935 nuntiat,
410 859 490 919 inter
506 859 660 940 principes
676 874 706 919 et
721 859 869 920 soldanos
886 857 1111 920 Saracenorum
1135 858 1320 920 discordiam
1341 875 1441 920 ortam
1457 878 1523 919 esse
1540 873 1569 919 et

262 946 340 1008 bella
350 946 449 1009 civilia
460 948 534 1027 geri,
552 967 654 1009 unum
670 967 744 1009 vero
760 967 871 1009 eorum
889 948 1063 1029 pollicitum
1079 967 1153 1025 esse,
1168 968 1201 1009 se
1217 948 1250 1009 in
1267 967 1356 1009 cruce
1374 948 1568 1028 signatorum

262 1037 397 1098 adventu
421 1053 514 1099 totam
539 1053 650 1099 terram
674 1056 763 1098 suam
787 1037 968 1099 christianae
994 1037 1104 1098 ditioni
1127 1035 1342 1116 subjecturum
1366 1053 1394 1098 et
1417 1037 1568 1119 baptisma

262 1142 461 1207 accepturum
479 1147 544 1188 esse
561 1127 732 1204 (Albericus
749 1127 782 1187 in
800 1129 887 1188 Mon.
900 1127 1005 1189 Germ.
1018 1125 1071 1188 SS.
1087 1127 1194 1204 XXIII,
1212 1147 1242 1209 p.
1261 1147 1342 1208 945;
1361 1126 1398 1188 cl.
1417 1126 1569 1188 Rohricht

263 1215 294 1277 in
311 1214 438 1277 Forsch.
463 1218 554 1294 1886,
571 1237 601 1298 p.
621 1237 673 1296 99,
690 1218 751 1278 No,
771 1217 809 1297 3).
1479 1213 1568 1275 1088

350 1368 369 1399 ,,
416 1322 513 1404 April.
524 1343 574 1399 20,
592 1324 656 1385 ind.
668 1324 718 1386 IX.
730 1324 871 1386 Trevisii
883 1359 925 1368 —
938 1323 1112 1386 Fridericus
1122 1324 1146 1384 II
1158 1324 1237 1385 inter
1246 1324 1303 1385 alia
1315 1325 1352 1384 de
1364 1322 1517 1403 Gregorio
1528 1323 1569 1384 IX

262 1411 533 1493 conqueritur‚qui
543 1413 788 1495 dispensationes
798 1413 966 1491 constituit,
975 1433 1030 1495 per
1038 1413 1260 1494 quasSipham,
1270 1429 1395 1494 gnatam
1406 1414 1569 1493 quondam

262 1501 464 1562 connestablii
481 1502 567 1581 regni
584 1503 702 1585 Cyprii,
727 1520 832 1564 contra
856 1503 1056 1584 separationis
1079 1503 1262 1564 sententiam
1286 1503 1377 1564 latam
1396 1522 1491 1584 super
1506 1503 1568 1564 hoc

262 1590 542 1671 perNicosiensem
560 1593 742 1674 episcopum
760 1608 789 1654 et
805 1592 843 1655 de
860 1611 926 1654 non
937 1592 1105 1653 habitando
1116 1591 1208 1654 simul
1222 1591 1366 1673 praestito
1376 1607 1569 1653 sacramento

262 1679 413 1741 Balianno
430 1680 468 1741 de
485 1680 632 1743 Ybellino
649 1699 678 1743 et
694 1681 868 1760 (Aulidem),
892 1700 1032 1743 sororem
1054 1681 1205 1743 Iohannis
1222 1682 1261 1743 de
1278 1680 1429 1758 Caesario,
1452 1681 1569 1742 Iacobo

262 1769 301 1830 de
318 1769 517 1846 Amendolio,
529 1771 584 1852 qui
601 1771 687 1852 prius
703 1790 843 1833 sororem
860 1771 957 1853 ipsius
974 1771 1223 1852 desponsaverat,
1241 1771 1452 1853 proditoribus
1470 1770 1569 1851 impe-

263 1858 370 1920 ratoris
387 1859 445 1920 sibi
463 1859 594 1921 invicem
611 1861 708 1940 gradu
725 1861 814 1922 tertio
835 1860 1098 1940 contingentibus,
1123 1859 1274 1921 concessit
1299 1879 1411 1921 uxores
1427 1875 1570 1942 percepta

263 1947 359 2009 multa
376 1948 526 2029 pecuniae
544 1948 713 2031 quantitate
730 1950 789 2028 (De
807 1952 874 2011 Mas
890 1950 990 2011 Latrie
1008 1950 1041 2029 II,
1059 1969 1089 2031 p.
1108 1951 1262 2030 tit-633
1289 1949 1462 2010 Matthaeus
1479 1949 1571 2024 Paris,

263 2037 382 2100 Chron.
402 2036 471 2115 maj.
490 2038 538 2116 III,
556 2059 586 2121 p.
608 2041 798 2119 575-5893
816 2039 854 2100 cf.
872 2059 902 2121 p.
924 2040 984 2119 586
1003 2055 1031 2100 et
1047 2039 1333 2117 Bbhmer-Ficlter,
1350 2039 1411 2100 No.
1432 2058 1512 2118 2431
1542 2053 1571 2098 et

263 2143 356 2207 supra
373 2127 433 2189 No.
457 2129 558 2209 1023).
1480 2124 1570 2186 1089

353 2278 371 2309 ,,
418 2233 515 2315 April.
533 2232 674 2313 (gallice).
691 2266 734 2276 -
751 2233 877 2311 Lutold,
895 2253 1028 2313 magnus
1044 2234 1282 2295 commendator
1296 2233 1411 2295 domus
1427 2233 1571 2294 Theuto-

265 2321 419 2399 nicorum,
436 2323 543 2384 Iocum
558 2339 667 2385 tenens
684 2323 830 2402 magistri,
854 2321 956 2402 sigillo
973 2321 1145 2398 coufirmat,
1169 2342 1201 2383 se
1219 2323 1256 2383 de
1273 2322 1363 2383 casali
1380 2321 1462 2384 dela
1479 2322 1572 2404 Noye

263 2412 432 2472 aBertram
451 2412 488 2473 de
506 2413 635 2493 Comps,
657 2410 826 2493 Hospitalis
850 2411 1006 2491 magistro,
1030 2431 1180 2473 concesso
1203 2413 1357 2491 quaedam
1379 2412 1492 2473 tributa
1515 2432 1572 2472 an-

265 2500 385 2562 nuatim
402 2501 530 2563 reddere
547 2501 668 2563 debere.
685 2533 729 2545 -
746 2501 857 2563 Girard
875 2502 912 2562 de
930 2502 1109 2581 Mauberge,
1118 2502 1137 2580 ¹)
1162 2502 1283 2583 Symon
1299 2502 1337 2562 de
1353 2500 1466 2581 Voissi,
1484 2500 1572 2563 Sibot

264 2590 303 2652 de
320 2590 495 2670 Luneborc,
512 2591 614 2653 Johan
631 2592 668 2652 de
685 2589 799 2670 Beissa,
816 2591 938 2669 Girard,
955 2610 1069 2672 parvus
1086 2590 1126 2667 (Ie
1143 2590 1229 2672 petit)
1246 2590 1520 2652 commendator..
1533 2636 1540 2651 .
1553 2637 1573 2668 .,

266 2679 370 2740 fratres
394 2679 553 2756 (Delaville
576 2681 604 2742 le
629 2681 741 2757 Roulx,
764 2699 794 2761 p.
818 2681 1013 2760 175—176,
1037 2681 1097 2741 No.
1117 2700 1156 2760 73
1184 2677 1231 2759 [cf.
1249 2700 1279 2761 p.
1299 2677 1367 2760 24];
1399 2680 1573 2760 Altpreuss.

265 2769 470 2831 Monatsschr.
487 2771 555 2848 XX,
573 2791 603 2852 p.
622 2771 695 2850 388,
712 2770 774 2831 Νο.
795 2768 835 2850 3).
1483 2766 1575 2827 1090

341 2872 361 2936 ¹)
374 2871 480 2942 Aperte
490 2869 626 2925 Girardus
635 2871 671 2924 de
680 2869 819 2941 Malberg,
827 2881 929 2941 postea
939 2869 1076 2943 magister
1084 2869 1204 2924 fratrum
1212 2869 1463 2925 TheutonIcorum
1472 2868 1574 2925 factus.

355 3010 373 3040 „
420 2965 517 3045 April.
535 2965 677 3045 (gallice).
693 3000 738 3011 -
753 2968 881 3028 Bertran
898 2967 936 3027 de
953 2966 1083 3046 Comps,
1108 2964 1251 3044 magister
1267 2964 1446 3046 Hospitalis,
1464 2965 1574 3026 domui

265 3052 539 3117 Theutonicorum
550 3075 605 3137 per
615 3075 743 3117 manum
756 3056 883 3117 Lutoldi
894 3054 1018 3133 (Lutol),
1030 3054 1134 3134 magui
1145 3054 1407 3115 commendatoris
1422 3068 1451 3114 et
1467 3052 1575 3115 Iocum

267 3141 403 3222 magistri
420 3144 562 3224 tenentis,
575 3165 670 3207 censu
681 3146 705 3206 ΙΙ
716 3145 946 3226 quintanorum
957 3144 1076 3205 zuccari
1087 3144 1213 3205 annuali
1225 3142 1321 3205 casale
1332 3143 1460 3224 Lanoye
1471 3142 1576 3222 sigillo

266 3230 392 3313 Templi
403 3234 553 3295 concedit.
564 3234 583 3311 ¹)
602 3269 641 3278 —
653 3236 743 3296 Perre
755 3235 793 3295 de
804 3233 902 3295 Vielle
913 3233 1015 3311 Bride,
1028 3252 1160 3312 magnus
1171 3230 1446 3311 commendator,¹)
1457 3232 1576 3294 Robert

267 3320 494 3402 hospitalarius,
506 3323 642 3384 Raimon
654 3325 760 3402 Motet,
772 3323 839 3385 Sais
848 3323 1067 3399 thesaurarius,
1085 3322 1109 3382 F
1110 3338 1248 3397 ortuner,
1266 3322 1389 3383 Durant
1404 3321 1443 3383 de
1460 3321 1575 3401 Soreis,

265 3408 366 3471 Johan
381 3410 583 3494 l'aubergere,
595 3413 762 3476 Guillelme
774 3413 995 3490 d'Anthioche,
1007 3412 1112 3473 fratres
1122 3411 1291 3492 Hospitalis
1302 3411 1462 3491 (Strehlke,
1480 3430 1510 3491 p.
1523 3412 1577 3490 69,

268 3499 328 3562 No.
348 3502 405 3576 87;
431 3501 468 3563 cf.
487 3522 516 3584 p.
541 3503 621 3582 123).
1483 3498 1571 3559 1091

343 3604 406 3684 ΙΙΙ).
419 3621 465 3684 ¹².3
479 3601 597 3675 legitur:
613 3602 697 3658 «item
711 3603 817 3658 domus
828 3601 896 3658 emit
906 3602 1044 3682 Nohyam
1056 3613 1084 3657 et
1097 3599 1221 3656 Sofliam
1234 3619 1267 3655 a.
1278 3643 1284 3655 .
1296 3641 1303 3654 .
1314 3641 1320 3653 .
1332 3617 1385 3673 pro
1394 3600 1442 3654 VII
1451 3599 1577 3657 millibus

267 3686 296 3730 et
309 3674 332 3729 C
347 3675 499 3729 bisanms».
574 3678 596 3742 ¹)
616 3675 659 3729 De
673 3692 732 3746 quo
747 3675 849 3730 Gestes
863 3675 913 3728 des
927 3673 1070 3745 Chtprots,
1083 3690 1109 3745 p.
1126 3691 1183 3743 122,
1198 3672 1253 3727 126.

356 3815 375 3846 „
422 3771 496 3832 Dec.
513 3770 665 3832 Nicosiae.
682 3804 726 3814 —
742 3771 896 3832 Henricus
912 3770 933 3848 Ι,
951 3790 1003 3831 rex
1018 3769 1124 3852 Cypri,
1142 3767 1287 3830 ecclesiae
1303 3768 1478 3829 Nicosiensi
1495 3768 1576 3830 elee-

267 3879 442 3942 mosynam,
460 3880 539 3941 quae
556 3861 588 3922 in
605 3862 713 3922 eadem
729 3860 856 3921 ecclesia
874 3878 930 3941 pro
947 3859 1051 3920 anima
1075 3858 1174 3940 patrui
1197 3857 1246 3919 sui
1269 3857 1384 3918 scilicet
1406 3856 1576 3938 Guidonis,

267 3949 344 4010 olim
360 3949 440 4028 regis
457 3950 816 4033 Hierosolymitanorum
833 3965 862 4011 et
879 3948 1079 4031 Cypriorum,
1097 3963 1159 4008 erat
1176 3946 1323 4025 instituta,
1341 3947 1443 4027 sigillo
1460 3946 1576 4008 confir-

268 4055 339 4099 mat.
357 4073 400 4082 —
416 4039 562 4100 Balianus
579 4040 617 4100 de
634 4038 774 4117 Ibellino,
798 4039 947 4100 dominus
963 4037 1055 4099 Betiti
1073 4052 1101 4098 et
1118 4036 1347 4098 comestabulus
1364 4036 1451 4117 regni
1467 4035 1576 4118 Cypri,

268 4128 433 4207 Henricus,
466 4128 548 4190 filius
571 4128 719 4210 principis
744 4128 943 4205 Antiocheni,
976 4126 1148 4188 Baldoinus
1173 4127 1211 4187 de
1237 4125 1377 4202 Ibellino,
1405 4125 1511 4188 Guido
1538 4126 1577 4187 de

268 4217 407 4295 Ibellino,
430 4218 601 4280 Baldoinus
624 4219 662 4279 de
688 4217 803 4296 Morio,
828 4217 982 4278 Robertus
1006 4217 1044 4277 de
1070 4217 1178 4276 Monte
1203 4213 1345 4293 Gisardo,
1371 4215 1513 4276 Arnisius
1537 4215 1578 4276 de

269 4307 420 4369 Gibeleto
455 4308 572 4369 Datum
589 4328 644 4390 per
660 4325 790 4368 manum
806 4306 981 4368 Bonivasali
1001 4304 1149 4382 deA1d0,
1173 4305 1260 4384 regni
1283 4304 1380 4386 Cypri
1404 4304 1577 4365 cancellarii

269 4397 326 4474 (De
344 4398 410 4458 Mas
427 4397 527 4458 Latrie
544 4397 591 4475 III,
608 4417 638 4479 p.
657 4397 853 4478 642—643).
1485 4391 1578 4452 1092

358 4549 376 4581 „
425 4505 564 4582 (accon.)
580 4539 625 4548 —
641 4503 844 4581 Guiccardus,
865 4505 958 4564 abbas
981 4503 1012 4564 S.
1032 4501 1146 4563 Mariae
1162 4502 1200 4563 de
1218 4501 1336 4579 LatIna,
1353 4501 1578 4581 venditionem,

268 4613 363 4674 quam
382 4593 456 4656 Giot
473 4593 590 4673 (Guiot)
607 4610 636 4655 et
652 4594 763 4672 Iohan,
787 4592 843 4655 filii
864 4592 1024 4654 Michaelis
1040 4592 1078 4653 de
1094 4591 1274 4670 Jerusalem,
1298 4590 1437 4670 Lutollo,
1461 4591 1579 4652 domus

268 4683 541 4745 Theutonicorum
552 4703 668 4764 magno
679 4683 879 4765 praeceptori,
892 4683 977 4744 DCC
988 4681 1125 4742 bisantiis
1135 4681 1174 4742 de
1184 4681 1273 4741 vinea
1288 4681 1308 4757 ¹)
1321 4680 1470 4759 lecerunt,
1481 4699 1579 4760 quam

269 4771 352 4834 idem
368 4772 527 4834 Iohannes
543 4773 670 4836 annuali
687 4793 782 4834 censu
799 4773 868 4834 XIII
885 4771 1089 4833 bisantiorum
1106 4791 1123 4831 a
1140 4769 1224 4831 dicto
1242 4770 1430 4831 monasterio
1446 4771 1579 4850 tenebat,

344 4912 364 4982 ¹)
383 4912 414 4966 P.
433 4924 496 4986 ¹²3²
511 4929 603 4985 «quae
616 4923 660 4969 est
671 4911 700 4968 in
713 4927 792 4968 novo
805 4910 893 4968 horto
906 4907 985 4984 juxta
996 4907 1073 4966 viam
1086 4909 1122 4964 de
1136 4905 1319 4982 Capharsin.»
