3398 5400
291 352 351 416 ¹44
849 323 1023 400 Regesta

1348 417 1588 430 -α-ο--ηαα-ο

285 548 441 626 Franciae,
464 548 494 610 S.
512 548 613 630 Egidii
630 548 813 627 comitissae,
836 549 1049 610 venditionem
1072 548 1178 609 casalis
1200 549 1372 610 Bethduras
1394 547 1497 628 sigillo
1513 566 1590 608 con-

285 637 401 715 firmat,
436 639 524 719 quod
556 638 655 699 dictus
687 637 859 700 Balduinus
888 658 906 699 a
936 657 1006 717 rege
1035 653 1064 699 et
1086 637 1232 699 Balianus
1255 659 1273 699 a
1296 638 1385 700 fratre
1417 636 1589 714 Balduino,

285 727 443 788 lohannes
459 727 620 789 Arrabitus
636 748 652 787 a
670 726 797 788 Baliano
814 727 943 788 feudum
965 728 1113 788 habuerat
1129 743 1158 788 et
1174 727 1335 788 Arrabitus
1351 746 1437 789 nunc
1453 726 1591 788 comitis-

286 837 337 877 sae
354 818 380 879 V
398 815 532 878 millium
548 832 578 878 et
600 817 714 879 DCCC
731 816 933 878 bisantiorum
951 816 1050 898 pretio
1066 816 1204 878 vendidit
1220 816 1308 879 nullo
1332 833 1450 878 retento
1466 815 1591 877 servitio

287 905 345 966 nisi
371 906 563 985 scribanagio
588 906 717 987 Georgii
742 907 780 967 de
803 906 934 967 Betheri.
956 942 991 952 -
1018 906 1164 985 Eraclius,
1188 906 1406 983 Caesariensis,
1430 906 1591 982 Letardus,

286 993 1589 1077 Nazarenus,archiepisc0pi,Bernardus,Liddensis,Joscius,Acconensis,episcopi;

287 1084 370 1164 Od0,
387 1083 512 1145 militiae
528 1085 663 1166 Templi,
680 1086 846 1163 Josbertus,
867 1083 1046 1166 Hospitalis,
1064 1085 1210 1165 magistri,
1235 1085 1449 1166 Berengerius,
1465 1083 1592 1165 Templi

286 1174 488 1252 senescalcus,
506 1175 622 1253 Petrus,
646 1173 731 1255 prior
748 1174 778 1236 S.
797 1174 975 1255 Sepulchri;
1000 1174 1144 1255 princeps
1161 1174 1342 1253 Renaudus,
1367 1192 1472 1236 comes
1487 1174 1592 1234 Josce-

286 1263 379 1341 linus,
397 1263 592 1325 Humfredus
615 1262 869 1340 constabularius,
893 1263 1070 1342 Rohardus,
1091 1264 1273 1325 castellanus
1289 1264 1467 1340 Jerusalem,
1484 1262 1592 1325 Guido

287 1352 503 1430 Caesariensis,
525 1353 705 1430 Garnerius,
730 1368 911 1434 praeceptor
932 1352 1111 1434 Hospitalis,
1135 1354 1232 1433 Hugo
1256 1354 1293 1414 de
1316 1353 1470 1431 Gibeleto,
1495 1352 1591 1433 Hugo

288 1441 426 1520 Mimarz,
444 1442 597 1504 Renerius
614 1444 651 1504 de
667 1443 798 1524 Neapoli
816 1441 911 1519 (Paoli
927 1443 947 1520 l,
964 1462 993 1524 p.
1004 1444 1056 1522 61,
1073 1443 1134 1504 No.
1147 1445 1204 1520 613
1223 1442 1260 1504 cf.
1272 1463 1302 1525 p.
1318 1443 1510 1523 504-505).
1521 1438 1592 1500 539

336 1555 424 1618 1177
442 1560 507 1621 Jan.
532 1592 577 1602 -
600 1560 769 1638 Josbertus,
796 1559 965 1641 Hospitalis
990 1559 1144 1639 magister,
1170 1559 1294 1621 Sibillae
1317 1560 1356 1620 de
1378 1560 1480 1620 Roma
1503 1557 1593 1619 tradit

287 1649 430 1724 domum,
441 1668 521 1729 quae
538 1650 576 1709 ab
592 1648 711 1710 oriente
728 1663 773 1710 est
783 1647 864 1727 juxta
881 1648 1067 1730 capicerium
1084 1649 1228 1710 ecclesiae
1245 1649 1275 1711 S.
1284 1649 1408 1727 Juliani,
1419 1663 1449 1708 et
1459 1647 1591 1708 domum

287 1737 391 1799 Braini
411 1737 531 1820 Syriani
555 1739 605 1799 tali
629 1738 809 1800 conditione
832 1739 983 1816 concedit,
1008 1755 1042 1799 ut
1057 1738 1081 1798 ll
1098 1738 1245 1799 bisantios
1262 1754 1291 1800 et
1308 1738 1447 1799 medium
1465 1737 1496 1798 in
1515 1736 1593 1797 festo

288 1827 442 1888 Omnium
459 1827 644 1889 Sanctorum
661 1827 821 1889 annuatim
846 1828 963 1889 reddat.
995 1827 1123 1888 Factum
1140 1827 1296 1889 Amalrico
1320 1826 1499 1908 patriarcha,
1524 1825 1592 1886 Bal-

288 1916 387 1978 duino
413 1916 454 1977 lV
479 1936 560 1997 rege.
586 1917 775 1978 -Fratres
801 1916 988 1997 Hospitalis:
1015 1917 1185 1979 Garnerius
1210 1933 1405 1999 praeceptor,
1431 1914 1593 1976 (joffridus

288 2005 506 2083 thesaurarius,
518 2005 694 2087 Stephanus
705 2004 864 2087 hospitalis
875 2006 948 2084 (sic),
965 2006 1151 2086 Bernardus,
1169 2007 1313 2085 magister
1328 2005 1486 2082 asinariae,
1504 2001 1593 2082 cujus

288 2114 383 2156 manu
401 2096 461 2156 hoc
478 2095 591 2156 factum
609 2110 662 2173 est,
678 2096 840 2174 berardus,
858 2111 961 2156 custos
977 2095 1089 2175 operis,
1101 2094 1320 2173 Godescalcus,
1338 2110 1442 2156 custos
1457 2093 1593 2155 eleemo-

287 2204 392 2266 synae,
410 2183 541 2246 Saucius
558 2183 838 2266 eleemosynarius;
865 2185 903 2245 de
920 2185 1127 2263 burgensibus
1143 2184 1452 2266 Hierosolymitanis:
1471 2182 1593 2243 Willel-

289 2292 360 2336 mus
376 2273 508 2351 Beraldi,
525 2273 687 2336 Goffridus
705 2273 908 2352 Macellaritts,
926 2274 1102 2335 Bernardus
1119 2275 1234 2353 Cocus,
1251 2274 1592 2353 BertrandusCoquus,

287 2363 464 2425 Bernartius
480 2364 642 2424 Barbetius
659 2363 753 2440 (Paoli
770 2363 792 2442 l,
810 2383 839 2444 p.
859 2383 932 2441 212,
949 2363 1010 2424 No.
1035 2365 1109 2442 169;
1135 2364 1173 2425 cf.
1191 2384 1221 2446 p.
1243 2365 1325 2445 539).
1524 2357 1594 2420 540

370 2523 389 2554 „
434 2478 500 2538 Jan.
517 2511 562 2521 -
577 2479 680 2560 losep,
689 2478 708 2555 ¹)
734 2497 785 2538 rex
810 2477 1043 2559 archiepiscopo
1069 2494 1098 2539 et
1123 2477 1306 2541 consulibus
1323 2478 1517 2555 Pisanorum,
1538 2474 1594 2556 qui

287 2567 425 2646 legatum
442 2570 620 2649 Aegyptum
644 2568 790 2628 miserant
806 2583 835 2628 et
851 2567 1028 2648 petiverant,
1054 2583 1087 2628 ut
1103 2569 1326 2629 mercatoribus
1342 2567 1406 2628 suis
1423 2566 1546 2642 faveret,
1562 2584 1594 2625 se

288 2656 432 2739 precibus
447 2675 557 2718 eorum
574 2655 737 2736 indulgere
753 2656 916 2739 pollicetur
933 2656 1058 2733 (Amori,
1076 2657 1087 2718 l
1104 2657 1234 2739 diplomi
1248 2658 1341 2735 arabi,
1353 2677 1382 2738 p.
1397 2657 1470 2735 264,
1481 2655 1542 2716 Νο.
1558 2674 1594 2715 ιο

291 2743 338 2824 [cf.
356 2765 387 2827 p.
398 2743 494 2825 461];
519 2746 617 2825 Lami,
634 2746 730 2808 Delie.
748 2746 858 2808 erudit.
870 2747 908 2825 V,
926 2765 955 2827 p.
969 2766 1159 2823 221—2223
1185 2746 1223 2808 cf.
1240 2746 1375 2808 Fanucci
1392 2746 1426 2827 ll,
1444 2766 1474 2828 p.
1491 2765 1596 2806 111-

295 2854 370 2910 1123
396 2835 487 2916 Heyd
504 2836 525 2913 l,
544 2857 573 2917 p.
594 2837 677 2916 398).
1525 2830 1591 2892 541

366 2937 385 3001 ¹)
405 2934 496 3005 Jnsof,
516 2953 695 3007 praenomen
712 2934 846 2993 Saladini.
873 2936 986 2991 Eodem
999 2953 1076 2992 anno
1091 2937 1247 2992 Januenses
1261 2937 1394 2991 Rubeum
1408 2935 1444 2991 de
1458 2933 1544 2990 Volta
1559 2933 1595 2987 de

290 3004 408 3060 foedere
429 3019 560 3062 acturum
582 3006 618 3062 ad
638 3007 806 3064 Saladinum
827 3006 966 3063 miserunt
987 3008 1142 3074 (Ottobon.
1156 3007 1283 3063 Annales
1296 3008 1325 3063 in
1338 3009 1417 3063 Mon.
1432 3008 1527 3062 Germ.
1542 3005 1594 3060 SS.

290 3076 387 3147 xvrtr,
400 3095 426 3150 p.
440 3077 495 3151 98).

371 3233 390 3266 „
437 3189 525 3251 Febr.
546 3210 595 3268 20,
618 3189 682 3251 ind.
700 3190 737 3251 X.
754 3223 798 3232 -
815 3189 999 3269 Amalricus,
1017 3190 1189 3252 vicecomes
1212 3191 1444 3272 Neapolitanus,
1466 3207 1595 3248 assensu

289 3278 395 3340 uxoris
410 3278 635 3360 Theophanine
651 3295 681 3340 et
697 3279 794 3341 fratris
810 3279 987 3358 Raginaudi
1003 3279 1147 3342 ecclesiae
1164 3281 1198 3342 B.
1217 3279 1332 3342 Mariae
1348 3279 1434 3340 vallis
1450 3277 1596 3358 iosaphat

289 3388 307 3429 a
323 3384 418 3449 ponte
435 3387 489 3450 per
506 3385 687 3430 montanam
699 3369 848 3449 usquead
860 3367 1019 3450 planitiem
1031 3370 1163 3432 Casresil
1174 3385 1202 3431 et
1213 3369 1372 3451 planitiem
1384 3366 1450 3447 ejus
1459 3367 1596 3446 gastinae

289 3456 402 3519 scilicet
412 3458 543 3520 Casresil
559 3457 661 3538 sigillo
678 3458 820 3520 concedit
836 3477 871 3519 ac
887 3457 1020 3520 dimittit.
1038 3494 1080 3502 —
1096 3460 1302 3521 Boemundus
1319 3459 1357 3519 de
1374 3456 1516 3539 Neapoli,
1533 3460 1596 3517 Ato

290 3545 410 3625 juvenis
427 3548 465 3609 de
482 3548 588 3625 Marla,
608 3547 760 3609 Martinus
776 3548 815 3609 de
831 3547 986 3628 Taphilia,
998 3548 1070 3627 Ugo
1080 3549 1118 3610 de
1130 3549 1307 3627 Gorrattdo,
1318 3547 1494 3609 Bernardus
1505 3544 1596 3607 Pelli-

289 3634 404 3718 parius,
415 3635 619 3699 Guillibertus
635 3637 674 3698 de
690 3636 811 3714 Funda,
823 3637 930 3699 Guido
942 3638 979 3697 de
990 3638 1082 3699 Escar
1093 3654 1121 3699 et
1131 3637 1271 3716 eiusdem
1282 3637 1427 3699 ecclesiae
1438 3634 1595 3713 monachi,

290 3724 431 3787 videlicet
447 3726 595 3807 dongnus
612 3725 674 3804 (sic)
697 3727 805 3787 Petrus
829 3726 866 3788 de
891 3725 921 3787 S.
939 3726 1064 3806 Lazaro,
1090 3728 1214 3807 dognus
1231 3726 1411 3788 Willelmus
1428 3726 1466 3787 de
1483 3724 1595 3800 Sicilia,

289 3814 415 3894 dognus
425 3816 583 3877 lohannes
594 3816 632 3876 de
643 3816 744 3893 Escar‚
756 3815 904 3877 dominus
916 3816 1078 3878 Mathaeus
1089 3817 1249 3896 Anglicus,
1261 3813 1597 3877 dominusWillelmus

291 3904 329 3965 de
338 3903 437 3984 Tieta,
455 3905 778 3967 dominusErnaudus
790 3904 918 3967 Gascus.
936 3905 1051 3966 Datum
1067 3926 1122 3989 per
1138 3924 1268 3967 manum
1280 3905 1360 3966 Petri
1377 3903 1477 3966 clerici
1494 3903 1597 3980 (Dela-

290 3993 397 4072 borde,
415 4015 444 4076 p.
464 3996 605 4074 86-87,
622 3995 684 4056 Νο.
705 3994 765 4074 39).
1526 3988 1596 4051 542

373 4153 392 4188 ,,
438 4110 520 4189 Jun,
535 4109 679 4172 ind.Vlll.
689 4107 951 4189 ¹)—Amalricus,
962 4109 1131 4190 patriarcha
1141 4108 1454 4191 Hierosolymitanus,
1464 4107 1598 4186 Petroll,

291 4198 322 4260 S.
338 4199 502 4281 Sepulchri
518 4199 623 4280 priori,
648 4198 904 4277 jurisdictionem,
928 4217 1023 4279 quam
1040 4199 1104 4281 ipse
1124 4201 1255 4261 habebat
1271 4200 1304 4261 in
1321 4199 1420 4276 vinea,
1444 4217 1524 4278 quae
1541 4197 1598 4258 fuit

290 4288 370 4350 Petri
393 4289 431 4350 de
454 4287 485 4349 S.
502 4289 627 4367 Jacobo,
651 4287 740 4367 cujus
762 4288 939 4371 portionem
962 4288 1104 4349 canonici
1127 4305 1274 4368 emerant,
1298 4288 1441 4351 concedit
1462 4305 1597 4366 -quae

291 4377 380 4439 vinea
401 4379 493 4439 habet
512 4380 550 4439 ab
566 4377 685 4439 oriente
709 4393 737 4439 et
759 4377 1004 4458 septentrionem
1026 4377 1149 4438 vineam
1172 4379 1211 4439 de
1233 4378 1352 4456 Latina,
1376 4379 1414 4439 ab
1437 4376 1598 4438 occidente

290 4467 373 4528 viam
382 4466 508 4547 regiam,
518 4486 597 4547 quae
614 4467 700 4529 ducit
715 4466 841 4528 adorno
858 4466 1055 4548 leprosorum
1073 4466 1103 4528 S.
1115 4468 1220 4529 Lazari
1231 4488 1337 4529 versus
1352 4467 1455 4529 lacurn
1465 4465 1597 4546 Legerii,

291 4576 307 4617 a
323 4556 452 4619 meridie
468 4556 560 4635 viam,
578 4576 658 4637 quae
681 4554 766 4618 ducit
788 4557 826 4616 ab
849 4557 974 4617 ecclesia
997 4557 1027 4621 S.
1043 4556 1192 4638 Stephani
1209 4558 1246 4619 ad
1264 4558 1396 4619 eandem
1413 4556 1494 4617 viam
1510 4570 1600 4616 -et

291 4646 481 4727 quibusdam
497 4646 732 4708 conditionibus
750 4643 853 4726 sigillo
876 4646 1018 4727 apposito
1035 4645 1206 4708 confirmat.
1239 4647 1368 4709 Factum
1385 4644 1542 4708 balduino
1558 4643 1599 4706 lV

291 4755 373 4817 rege.
383 4768 428 4781 —
442 4735 489 4797 De
500 4734 657 4797 canonicis
668 4735 699 4798 S.
711 4733 875 4817 Sepulchri
885 4736 1114 4798 sacerdotibus:
1132 4738 1229 4817 Hugo
1239 4737 1277 4798 de
1289 4734 1425 4817 Nigella;
1443 4736 1599 4797 Constan-

290 4840 504 4852 ——-

367 4887 387 4952 ¹)
406 4881 526 4940 Indictio
540 4883 662 4956 quadrat
674 4880 703 4937 in
717 4898 826 4937 annum
843 4899 917 4954 ¹¹75·
