3398 5400
196 341 259 422 376
757 332 934 404 Regesta

193 563 355 626 incitatum
367 564 486 624 civitate
496 563 617 643 Tripoli
635 577 681 623 ter
696 563 788 644 potiri
806 578 954 624 conatum
972 562 1074 625 fuisse.
1098 561 1238 622 Primum
1256 561 1340 621 enim
1358 559 1506 640 magister

192 653 357 715 hominem
381 672 476 713 suum
501 652 610 731 ligium
636 652 693 712 Pol
718 651 866 713 Elteffaha
891 653 929 712 ad
956 651 1139 714 Guidonem
1165 651 1298 728 miserat,
1325 669 1423 730 quem
1450 650 1505 711 ad·

193 757 345 819 moneret,
363 759 397 804 ut
413 743 564 802 civitatem
581 741 665 802 illam
681 757 812 822 caperet,
830 757 859 801 et
876 741 1024 802 dominus
1047 742 1085 801 de
1109 739 1231 803 Gibelet
1255 759 1328 801 cum
1352 738 1505 802 Guidone

193 832 231 893 de
249 831 405 911 Montolif,
422 832 475 913 qui
494 832 706 912 pollicebatur,
723 850 755 891 se
773 847 893 912 portam
913 832 944 893 S.
963 830 1123 892 Michaelis
1140 845 1366 910 occupaturum
1383 843 1414 889 et
1431 848 1505 890 eum

192 921 234 983 ibi
246 937 491 1003 exspectaturum
501 941 578 998 esse,
587 940 659 982 cum
669 919 827 997 Henri(c0)
837 921 964 997 Mamol,
972 920 1116 980 Franceis
1124 920 1284 995 d'hrches,
1294 918 1398 980 Pierre
1406 918 1505 979 Fran-

194 1027 267 1085 cart,
279 1012 380 1072 Pierre
390 1012 513 1092 laques,
524 1010 865 1090 civibusTripolitanis,
884 1030 1007 1071 necnon
1024 1029 1096 1070 cum
1112 1010 1253 1069 Johaune
1264 1010 1380 1085 Arobe,
1391 1006 1504 1070 clerico

192 1101 327 1182 Templi,
352 1115 381 1160 et
403 1101 545 1162 Johanne
569 1100 607 1161 de
630 1100 801 1176 Brabantia,
825 1100 926 1180 priore
949 1099 1075 1179 Templi
1091 1098 1298 1179 Tripolitano,
1325 1097 1504 1159 societatem

192 1189 269 1251 iniit.
295 1190 356 1252 Sed
373 1209 472 1269 quum
491 1190 640 1251 dominus
655 1190 692 1249 de
704 1189 847 1251 Gibeleto
863 1189 990 1268 signum
1006 1189 1044 1249 de
1061 1189 1158 1249 domo
1168 1187 1295 1268 Templi
1312 1188 1421 1248 datum
1438 1205 1505 1247 non

193 1279 468 1357 animadvertisset,
486 1280 593 1342 Guido
610 1280 648 1339 de
666 1278 817 1340 Montolif
837 1278 925 1339 illum
942 1279 1139 1358 quaesiturus
1154 1297 1261 1338 versus
1277 1276 1434 1339 Calamon
1449 1277 1506 1337 iter

193 1369 322 1450 arripuit
339 1385 368 1429 et
385 1370 510 1429 tandem
527 1369 554 1428 ei
577 1369 655 1429 inter
671 1368 798 1448 Nephin
815 1384 843 1428 et
861 1369 928 1449 Puy
944 1369 1007 1428 dou
1025 1365 1211 1429 Conestable
1235 1366 1381 1428 occurrit.
1406 1366 1505 1427 Paulo

194 1475 263 1540 post
275 1458 365 1519 frater
375 1458 500 1539 Templi
512 1458 655 1536 (Elatiene
666 1473 695 1517 et
704 1458 862 1518 lohannes
874 1459 977 1518 Arobe
988 1457 1170 1519 Guidonem
1182 1457 1342 1517 certiorem
1356 1455 1505 1533 fecerunt,

192 1548 340 1608 comitem
356 1547 590 1628 Tripolitanum
607 1562 773 1626 aegrotare,
800 1563 838 1623 et,
864 1563 897 1607 ut
920 1546 1056 1607 celeriter
1072 1546 1199 1623 veniret,
1224 1561 1505 1624 commonuerunt,

192 1638 245 1699 sed
263 1657 365 1698 errore
388 1653 416 1696 et
439 1657 511 1697 casu
535 1636 796 1697 intercedentibus
820 1636 909 1697 novis
933 1636 982 1696 ille
1006 1636 1161 1716 Tripolim
1185 1655 1250 1696 non
1274 1634 1364 1717 cepit.
1395 1634 1505 1696 Tertio

194 1727 338 1806 magister
347 1726 473 1807 Templi
484 1726 677 1787 Ferrandum
693 1725 850 1803 (Ferram),
867 1725 987 1786 socium
1005 1725 1193 1801 Ruidecuer,
1202 1725 1222 1802 1)
1238 1724 1505 1785 commendatoris

192 1816 318 1897 Templi
334 1816 530 1897 Tripolitani,
542 1816 579 1875 ad
596 1815 776 1877 Guidonem
794 1815 831 1875 de
849 1814 969 1876 Gibelet
986 1815 1078 1892 misit,
1096 1814 1149 1894 qui
1168 1833 1241 1875 eum
1258 1814 1442 1895 impelleret,
1461 1829 1505 1892 ut,

193 1906 280 1987 quod
292 1906 391 1966 dictus
403 1905 459 1966 Pol
469 1905 617 1966 Eltellaha
628 1924 731 1966 coram
744 1905 882 1983 suaserit,
894 1905 1040 1984 perficere
1052 1923 1118 1966 non
1130 1902 1274 1979 differret,
1286 1919 1315 1965 et
1326 1902 1507 1965 Ruidecuer

195 1995 332 2078 epistolis
350 1995 464 2073 multis,
482 1995 646 2075 quomodo
663 2013 710 2054 res
720 1993 932 2074 Tripolitanae
949 2014 981 2054 se
998 1994 1155 2070 haberent,
1173 1993 1200 2053 ei
1218 1993 1389 2054 nuntiabat.
1414 1993 1506 2054 Prae-

194 2102 275 2146 terea
292 2084 437 2162 magister
453 2085 581 2160 Artaud,
604 2084 889 2145 commendatorem
907 2083 1032 2163 Templi
1051 2088 1277 2160 Acconensem,
1294 2097 1324 2143 et
1339 2082 1506 2145 Simonem

194 2175 232 2235 de
248 2173 386 2250 Farabel,
405 2174 510 2234 fratres
526 2173 661 2253 Templi,
686 2173 724 2233 ad
741 2172 926 2235 Guidonem
943 2173 1113 2248 destinavit,
1132 2173 1185 2253 qui
1203 2191 1276 2232 eunt
1297 2188 1455 2251 urgerent,
1472 2186 1507 2233 ut

194 2263 350 2344 Tripolim
368 2278 542 2342 occuparet,
559 2280 660 2342 quum
677 2262 776 2323 dictus
792 2262 848 2322 Pol
865 2282 939 2323 mox
955 2278 1154 2323 succurreret.
1179 2260 1287 2323 Guido
1304 2280 1359 2342 per
1375 2280 1506 2322 manum

196 2353 377 2431 Domingue
403 2353 518 2433 Peque,
551 2352 813 2413 commendatoris
837 2351 1090 2433 Templariorum
1117 2347 1376 2425 Gibeleterisium,
1407 2350 1507 2411 fratris

195 2443 301 2504 Stiene
317 2457 346 2502 et
363 2441 469 2519 Guiot,
487 2441 576 2501 valeti
593 2441 746 2501 castellani
756 2441 963 2518 Tortosani,²)
981 2441 1078 2502 fratris
1088 2441 1225 2522 Aymari,
1242 2439 1340 2501 fratris
1357 2439 1506 2522 Symonis

198 2532 236 2593 de
253 2530 380 2592 Farabel
397 2547 425 2591 et
442 2531 615 2593 turcomani
636 2529 799 2608 cujusdam
816 2530 856 2592 lV
873 2530 1092 2611 palefrenarios
1107 2529 1262 2611 Tripolim
1280 2528 1372 2610 misit,
1389 2530 1508 2610 quibus

195 2621 371 2683 recentibus
388 2637 417 2681 et
440 2620 576 2699 integris,
599 2620 625 2680 si
642 2640 724 2700 opus
747 2635 834 2697 esset,
861 2619 894 2680 in
920 2620 1002 2681 bello
1027 2635 1174 2698 uteretur,
1201 2635 1229 2680 et
1255 2619 1369 2681 deinde
1395 2619 1507 2681 certior

195 2711 302 2789 factus,
320 2709 465 2771 comitem
484 2711 515 2771 in
532 2729 632 2770 arcem
655 2707 748 2770 Nelin
771 2709 890 2784 abiisse,
914 2709 1058 2770 columba
1082 2708 1279 2771 internuncia
1302 2727 1430 2770 necnon
1452 2728 1508 2790 per

195 2801 331 2880 legatum
347 2817 442 2860 suum
458 2799 632 2880 loquemin,
651 2799 773 2860 fratrem
791 2799 847 2860 Pol
862 2798 1012 2859 Eltellaha
1024 2800 1046 2875 ³)
1070 2799 1153 2876 adiit,
1177 2814 1212 2859 ut
1227 2797 1426 2873 acceleraret;
1451 2798 1507 2879 qui

195 2890 274 2951 inter
305 2889 456 2950 Sidonem
483 2906 511 2950 et
538 2888 708 2966 Bamtlum)
740 2887 857 2950 nuntiis
887 2889 1018 2969 acceptis
1043 2907 1115 2948 cum
1141 2888 1354 2969 Raymundlol
1380 2888 1506 2968 Pignac,

195 2978 478 3040 arbalestrariorum
503 2980 592 3057 duce,
617 2978 767 3057 Galande,
792 2978 935 3038 Franceis
958 2978 1017 3038 Bes
1040 2993 1069 3038 et
1092 2978 1196 3038 multis
1222 2977 1345 3038 armatis
1371 2977 1505 3040 advenit.

196 3067 258 3130 Sed
275 3088 376 3148 quum
394 3068 494 3128 dictus
511 3068 618 3130 Guido
635 3068 716 3129 notis
733 3067 949 3128 secretioribus
965 3067 1126 3128 arcessitus
1148 3067 1276 3145 adesset,
1301 3068 1507 3129 commenda-

196 3175 278 3219 tores
288 3157 412 3237 Templi
424 3158 489 3218 duo
506 3158 588 3218 abire
604 3157 801 3235 simulabant,
812 3156 1075 3237 priorTortosam
1090 3190 1134 3200 —-
1150 3156 1204 3217 sed
1221 3156 1356 3218 insulam
1373 3154 1405 3217 S.
1416 3156 1507 3219 Tho-

197 3266 264 3307 mae
286 3247 436 3328 appulsus
452 3263 496 3307 est
512 3281 565 3324 -,
583 3246 657 3307 alter
672 3246 704 3307 in
723 3247 864 3307 Montem
880 3246 982 3323 Cucu,
1000 3265 1062 3326 qua
1078 3265 1110 3306 re
1127 3245 1234 3308 Guido
1251 3245 1320 3307 illos
1336 3245 1369 3306 in
1386 3245 1507 3307 civitate

198 3355 263 3397 non
281 3337 399 3397 invenit
414 3350 453 3411 et,
470 3357 501 3396 se
520 3337 679 3418 proditum
690 3355 765 3413 esse,
777 3336 904 3416 putavit.
921 3335 1065 3396 Tandem
1076 3354 1149 3417 pace
1160 3354 1232 3396 cum
1244 3333 1384 3417 principe
1394 3336 1507 3398 Antio-

196 3426 298 3487 cheno
315 3441 344 3486 et
360 3426 474 3487 comite
491 3426 688 3507 Tripolitano
706 3425 781 3485 facta
805 3425 982 3507 promittere
1005 3440 1130 3486 coactus
1154 3440 1207 3502 est,
1232 3441 1265 3485 ιιι
1281 3424 1462 3487 Gibeletum
1478 3440 1507 3486 et

197 3531 292 3576 totam
303 3530 413 3575 terram
424 3535 512 3576 suam
525 3515 705 3595 relinquens
715 3515 811 3575 abiret
827 3530 857 3575 et
873 3514 1034 3575 honestius
1050 3514 1184 3575 vivendo
1201 3533 1329 3596 operam
1344 3514 1442 3593 daret,
1452 3515 1506 3576 sed

196 3626 213 3665 a
230 3604 376 3683 magistro
393 3605 554 3666 Guilelmo
572 3604 682 3665 iterum
701 3604 854 3681 incitatus,
875 3623 973 3684 aquo
991 3603 1182 3666 frumentum
1200 3618 1229 3664 et
1246 3604 1403 3665 hordeum
1420 3623 1507 3665 acce-

197 3710 291 3776 perat,
315 3693 432 3755 Pisanis
456 3694 573 3754 bellum
590 3694 701 3755 inferre
719 3693 830 3774 coepit.
847 3727 891 3737 -
908 3693 979 3754 Hue
997 3693 1116 3754 ordinis
1140 3694 1313 3772 Minorum‚
1337 3694 1506 3776 episcopus

197 3783 412 3858 Gibeletensis,
437 3784 537 3844 Pierre
554 3784 720 3863 l'Aleman,
740 3785 832 3844 abbas
848 3783 962 3844 domus
985 3783 1160 3844 Beaumont
1182 3782 1301 3843 ordinis
1318 3782 1505 3845 Cistercien-

197 3873 279 3934 sium
297 3888 366 3933 ante
377 3872 544 3953 Tripolim,
562 3873 666 3934 socius
683 3872 750 3948 ejus
767 3872 887 3954 Symon
904 3873 941 3932 de
951 3871 1084 3954 Tripoli,
1097 3872 1188 3933 frater
1198 3872 1325 3933 Stienne
1336 3873 1375 3933 de
1386 3873 1505 3952 Barres,

197 3962 282 4043 prior
298 3962 495 4043 provincialis
511 3962 760 4023 praedicatorum
777 3962 808 4022 in
825 3962 921 4022 Terra
938 3961 1058 4040 Sancta,
1076 3962 1179 4023 socius
1196 3959 1262 4039 ejus
1279 3961 1350 4023 Hue
1367 3961 1507 4024 Proven-

198 4051 252 4129 sal,
270 4051 354 4133 prior
370 4053 543 4113 eorundem
563 4053 689 4113 fratrum
701 4051 980 4132 Tripolitanorum,
999 4051 1088 4112 frater
1104 4052 1219 4129 Mathe,
1231 4051 1362 4112 vicarius
1374 4051 1506 4113 ministri

198 4140 325 4202 fratrum
342 4141 504 4202 Minorum
521 4142 553 4202 in
569 4142 665 4202 Terra
683 4141 803 4217 Sancta,
821 4141 911 4201 frater
926 4142 1022 4221 laque
1049 4141 1087 4201 de
1113 4140 1288 4218 Antiochia,
1314 4141 1507 4219 guardianus

198 4231 372 4291 eorundem
390 4232 670 4313 Tripolitanorum,
692 4231 781 4291 frater
803 4230 943 4307 Jeremie,
969 4231 1195 4291 Maronitarum
1218 4229 1399 4310 patriarcha,
1417 4231 1507 4292 frater

198 4319 365 4399 Abraham,
397 4321 649 4402 archiepiscopus
681 4321 719 4380 de
751 4319 950 4399 Villejargon,
983 4320 1151 4397 Yahanna,
1183 4318 1437 4401 archiepiscopus
1468 4321 1506 4382 de

198 4409 382 4492 Resshyn,⁴)
405 4411 508 4471 Pierre
531 4409 649 4471 Orland
667 4411 705 4469 de
723 4410 901 4487 Valmoton,
925 4409 1056 4470 vicarius
1072 4410 1110 4470 de
1126 4408 1259 4489 Tripoli,
1283 4408 1385 4470 lohan
1409 4409 1506 4470 Fran-

197 4519 299 4582 gepan
316 4515 345 4560 et
362 4499 490 4561 Stienne
507 4500 545 4560 de
563 4502 652 4581 Ryet,
670 4499 812 4560 canonici
828 4499 1024 4579 Tripolitani,
1049 4498 1175 4579 Robert,
1193 4498 1363 4560 canonicus
1380 4499 1506 4561 Gibele-

273 4679 294 4746 ¹)
313 4675 344 4730 ln
358 4675 469 4744 Gestes‚
484 4690 511 4745 p.
528 4692 556 4728 ιι
568 4692 575 4728 ι
588 4687 595 4726 :
615 4672 772 4741 Redecuer,
785 4672 812 4727 in
826 4671 932 4727 Proces
944 4673 970 4725 d.
986 4671 1059 4727 Tem
1084 4672 1147 4726 liers
1161 4671 1205 4726 ed.
1219 4670 1353 4726 Michelet
1366 4672 1399 4743 ll,
1413 4689 1441 4744 p.
1461 4670 1506 4726 16:

197 4746 356 4803 Rodericus
371 4747 406 4801 de
421 4747 526 4819 Cuyre,
539 4743 620 4818 cujus
634 4744 729 4800 socius
743 4757 864 4799 vocatur
876 4744 1032 4799 Rodericus
1072 4744 1190 4799 nanhes
1313 4745 1333 4813 ¹)
1353 4743 1457 4799 Petrus
1471 4744 1507 4799 de

201 4817 349 4874 Sivriacol
369 4817 414 4874 Cf.
428 4816 537 4873 Proces
551 4818 577 4873 d.
591 4816 751 4889 Templiers
764 4816 796 4886 ll,
808 4833 836 4888 p.
850 4833 897 4870 221
915 4817 951 4871 ad
969 4816 1042 4874 1280.
1118 4817 1141 4884 ⁸)
1160 4815 1191 4869 ln
1206 4816 1316 4886 uestes,
1329 4832 1356 4887 p.
1372 4833 1401 4870 ιι
1412 4833 1420 4871 ι
1432 4830 1440 4870 t
1454 4814 1508 4874 Pol

199 4889 331 4951 Teffaha.
411 4891 433 4966 ⁴)
452 4890 560 4966 Aperta
572 4888 692 4964 Edessa,
705 4887 817 4945 arabice
829 4887 935 4949 Rohas.
