3398 5400
596 351 677 424 regni
690 349 949 424 Hierosolymitani.
1385 357 1426 420 87

120 445 360 453 ——-—.

165 577 272 658 (1158
288 595 358 661 post
374 579 456 661 Sept.
481 579 518 656 r),
543 579 606 641 ind.
624 580 688 641 Vll.
705 613 748 624 —
766 580 862 660 Hugo
885 580 923 641 de
940 578 1076 640 Ybelino
1098 577 1311 640 venditionem
1335 597 1429 659 supra

120 669 192 745 (No,
204 669 396 750 332)dictam
410 669 518 730 iisdem
532 669 593 730 lere
604 670 704 731 verbis
714 669 783 730 facit
799 685 828 730 et
844 669 946 748 sigillo
957 667 1129 730 confirmat.
1141 702 1184 711 -
1194 667 1428 743 Constantinus,

121 758 284 820 liddensis
300 759 476 840 episcopus,
495 759 633 820 Absalon
649 759 824 840 episcopus,
841 758 1021 835 Gaufridus,
1039 759 1131 818 abbas
1147 757 1285 838 Templi,
1302 757 1427 817 Rainal-

120 849 189 925 dus,
207 848 293 929 prior
309 848 445 920 Latinae,
464 848 570 909 Petrus
587 848 624 909 de
642 849 800 920 Calvario;
819 848 857 908 de
875 847 1016 908 fratribus
1028 847 1213 928 Hospitalis:
1231 847 1338 907 Petrus
1353 846 1429 907 Ber-

120 938 220 998 trandi
237 954 266 998 et
283 937 460 998 Willelmus
484 942 576 1011 Acer3
609 942 686 1011 Azo,
711 937 887 1018 capellanus
911 936 1016 998 casalis
1039 936 1239 1014 Balneorum‚
1264 935 1428 1013 Radulius,

120 1027 297 1108 capellanus
321 1026 501 1096 Ramarum,
527 1026 647 1101 Paletel,
672 1027 843 1088 vicecomes
869 1026 1010 1094 Ybelini;
1035 1026 1073 1087 de
1098 1024 1305 1105 burgensibus
1331 1025 1428 1104 regis:

121 1116 314 1176 llumbertus
330 1117 368 1176 de
385 1117 452 1187 Bar,
470 1115 590 1196 Symon
608 1116 730 1191 Ruffus,
750 1115 875 1190 Bricius,
894 1114 1063 1178 Gaufridus
1079 1114 1286 1189 Turonensis,
1298 1113 1428 1176 Guillel-

122 1225 192 1265 mus
209 1205 423 1281 Normannus,
440 1205 599 1266 lohannes
615 1205 796 1283 Raimundi,
814 1204 983 1266 Guibertus
1000 1205 1119 1285 Papais,
1137 1205 1244 1266 Petrus
1261 1204 1428 1279 Burdinus,

121 1295 228 1355 Petrus
245 1295 281 1355 de
299 1294 327 1355 S.
341 1295 466 1368 Jacobo,
485 1294 581 1372 Hugo
597 1295 709 1356 saliens
726 1294 758 1355 in
776 1297 906 1370 bonum,
925 1294 1110 1375 Radulphus
1126 1293 1305 1373 Burgensis,
1323 1293 1429 1354 Petrus

120 1384 158 1445 de
176 1383 206 1444 S.
225 1384 350 1456 Lazaro,
374 1383 532 1444 lohannes
548 1384 699 1462 vitrasius,
724 1384 933 1444 Everunimus
958 1382 1188 1461 (Everinunus),
1209 1382 1428 1457 Auschetinus,

121 1472 289 1548 lohannes,
307 1471 388 1534 filius
406 1472 558 1549 Rainaldi,
576 1474 715 1535 Pictavus
733 1473 883 1550 (Roziere,
901 1493 931 1554 p.
950 1474 1130 1552 128-130,
1148 1472 1208 1533 Νο.
1227 1473 1285 1551 633
1312 1471 1429 1552 Migne.

120 1582 151 1644 p.
177 1563 401 1635 troo-1162,
418 1562 479 1622 No.
498 1562 560 1642 63).
1359 1558 1429 1619 333

203 1732 222 1762 ,,
269 1687 349 1748 Nov.
368 1708 414 1766 ¹4·
435 1688 578 1748 Ascalon.
595 1721 639 1730 -
655 1686 838 1755 Amalricus,
857 1704 961 1746 comes
973 1685 1144 1762 Ascalonis,
1159 1685 1318 1748 canonicis
1334 1686 1365 1747 S.
1375 1685 1430 1747 Se·

121 1774 241 1855 pulchri
267 1795 322 1857 per
342 1796 469 1836 manum
487 1776 634 1857 Hugonis
658 1775 728 1836 dicti
753 1775 791 1835 de
812 1775 945 1851 Tharso,
970 1775 1077 1835 decani
1094 1775 1269 1857 Joppensis,
1294 1776 1317 1836 ll
1334 1775 1430 1857 petias

122 1864 230 1925 vineae
247 1867 285 1925 ab
302 1881 371 1927 ortu
388 1866 462 1926 solis
479 1864 561 1941 juxta
576 1866 699 1926 vineam
718 1865 748 1927 S.
761 1864 923 1945 Sepulchri
940 1864 1021 1942 sitas,
1038 1883 1115 1944 quas
1132 1865 1170 1925 de
1186 1865 1278 1925 Na‘r'm
1296 1864 1430 1926 Suriano

121 1970 245 2030 emerat,
270 1955 412 2016 concedit
436 1974 560 2016 necnon
584 1955 701 2015 tertiam
724 1952 863 2031 ejusdem
880 1953 989 2014 vineae
1006 1970 1122 2034 partem
1140 1969 1169 2013 et
1186 1953 1336 2034 quicquid
1354 1952 1429 2032 juris

120 2043 295 2104 Amalricus
313 2044 344 2104 in
361 2044 451 2105 vinea
469 2043 646 2106 Menferreti
671 2043 793 2105 Suriani
817 2043 917 2119 habet,
942 2043 969 2104 C
985 2042 1123 2103 bisantiis
1139 2043 1270 2124 acceptis
1289 2044 1385 2104 donat
1401 2059 1431 2103 et

120 2131 222 2211 sigillo
239 2132 411 2194 confirmat.
429 2167 473 2176 -
488 2133 644 2195 locelinus
660 2134 698 2194 de
714 2132 861 2194 Samusac
872 2130 1001 2212 ejusque
1013 2131 1103 2193 frater
1113 2132 1295 2211 Balduinus,
1307 2132 1430 2210 Garcio,

119 2221 276 2283 Jordanus
308 2223 416 2299 Bestia,
450 2222 598 2304 Raphael,
625 2223 765 2299 Pontius,
790 2222 931 2283 Thomas
956 2221 1112 2282 Turchiae
1138 2219 1267 2302 ejusque
1293 2221 1430 2283 sororius

122 2310 301 2388 Herbertus,
336 2312 520 2373 Lambertus
546 2312 676 2374 Galiota.
724 2311 838 2372 Datum
865 2330 920 2392 per
946 2330 1075 2371 manum
1102 2310 1225 2373 Radulli
1260 2310 1430 2372 cancellarii

121 2399 273 2477 (Roziere,
291 2420 320 2480 p.
345 2420 527 2481 123-124,
545 2403 605 2463 No.
625 2402 684 2474 613
711 2400 828 2480 Migne,
846 2420 875 2481 p.
900 2401 992 2479 1158,
1009 2400 1071 2462 No.
1090 2402 1152 2476 61).
1361 2396 1432 2459 334

202 2569 221 2600 ,,
268 2568 276 2600 ,
295 2523 420 2600 ind.VI,
438 2540 533 2606 epact.
552 2526 646 2587 nulla.
664 2560 707 2569 -
725 2524 877 2586 Radulfus
901 2525 989 2586 miles
1010 2525 1048 2587 de
1065 2525 1234 2606 captivitate
1250 2525 1429 2586 Turcorum

121 2613 255 2690 rediens,
280 2629 314 2674 ut
333 2614 466 2695 pretium
486 2614 708 2697 redemptionis
731 2616 850 2676 solvere
876 2615 981 2696 possit,
1006 2633 1161 2675 consensu
1187 2613 1300 2675 Mariae
1324 2614 1429 2675 uxoris

123 2718 239 2783 partem
264 2704 411 2782 gestione,
435 2723 514 2784 quae
536 2704 634 2765 Zonia
651 2705 762 2766 dicitur
778 2720 806 2764 et
823 2704 912 2764 casali
936 2703 1130 2784 Degerboam
1154 2702 1279 2780 adjacet,
1304 2723 1429 2765 necnon

121 2806 212 2872 caput
229 2792 334 2852 casalis
345 2792 418 2855 Cala
430 2793 500 2854 dicti
512 2793 656 2854 ecclesiae
670 2794 703 2854 B.
716 2793 830 2855 Mariae
842 2793 926 2853 vallis
936 2793 1081 2874 Josaphat
1091 2812 1146 2874 per
1156 2812 1284 2853 manum
1295 2792 1428 2854 Villelmi

121 2880 237 2941 abbatis
255 2881 369 2958 vendit,
386 2898 414 2942 et
431 2883 512 2943 hanc
527 2882 739 2944 venditionem
752 2882 847 2961 Hugo
861 2882 1018 2963 Hybelini,
1036 2881 1184 2943 dominus
1201 2881 1340 2959 Rodulfi,
1357 2901 1427 2942 cum

122 2986 217 3031 matre
242 2991 298 3032 sua
324 2971 451 3032 Heluisa
477 2986 506 3032 et
532 2971 674 3032 fratribus
699 2971 854 3033 Balduino
879 2987 908 3032 et
934 2972 1088 3032 Baresano
1114 2990 1239 3032 necnon
1269 2971 1430 3032 sororibus

120 3057 293 3137 Ermenjart
316 3077 345 3120 et
368 3060 535 3142 Stephania
567 3059 730 3122 confirmat
762 3077 791 3121 et
816 3061 1001 3121 antedictam
1032 3061 1191 3121 ecclesiam
1217 3079 1427 3142 possessorem

120 3148 221 3228 sigillo
239 3148 418 3210 Ramatensi
441 3149 583 3232 apposito
607 3150 685 3211 tueri
709 3148 884 3231 pollicetur.
901 3150 1005 3210 —Ex
1022 3166 1105 3230 parte
1121 3150 1285 3229 Hugonis:
1310 3150 1428 3226 Petrus,

120 3237 297 3319 capellanus
314 3236 391 3316 ejus,
409 3238 575 3318 Georgius,
593 3254 677 3320 pater
693 3239 861 3301 antedictae
879 3238 1004 3315 Mariae,
1022 3236 1152 3320 ejusque
1168 3238 1428 3316 filiusJohannes,

120 3326 227 3388 Petrus
243 3342 272 3388 et
289 3327 444 3388 Henricus
461 3328 579 3406 Arrabi,
591 3329 692 3390 Adam
709 3329 747 3390 de
765 3327 853 3403 Orio,
864 3328 1019 3390 Jordanus
1035 3328 1073 3389 de
1089 3328 1258 3410 Hybelino,
1269 3328 1429 3389 Holmun·

121 3416 190 3492 dus,
207 3416 400 3492 lambertus,
419 3418 561 3498 Paganus
577 3419 615 3478 de
632 3418 760 3493 Rohais,
778 3417 918 3479 Andreas
935 3415 1095 3496 Aujevins,
1119 3417 1231 3479 Simon
1247 3418 1285 3478 de
1302 3417 1428 3494 Lahaix,

121 3504 256 3567 Garinus
267 3506 305 3566 de
317 3507 520 3581 Armonvilla,
532 3506 640 3579 Rahel,
653 3507 807 3568 Henricus
820 3508 962 3587 Magnus,
973 3506 1153 3568 Willelmus
1168 3507 1206 3567 de
1224 3506 1254 3567 S.
1264 3507 1427 3581 Amando;

121 3611 257 3677 exparte
275 3596 520 3656 monachorum:
549 3596 724 3678 Stephanus
741 3597 835 3678 prior,
860 3596 1014 3659 Galterius
1034 3597 1072 3657 de
1089 3596 1249 3677 Sepulcro,
1273 3596 1430 3657 Arnaldus

121 3685 306 3762 monachus,
323 3685 480 3747 Johannes
497 3685 651 3766 subprior,
676 3687 783 3747 Petrus
799 3686 837 3747 de
856 3692 926 3761 Am,
944 3685 1098 3748 Galterius
1114 3684 1323 3762 Provincialis,
1342 3686 1427 3746 Alar-

121 3773 180 3834 dus
205 3774 390 3852 monachus,
420 3775 528 3836 Petrus
554 3775 799 3851 elemosinarius,
825 3776 1004 3836 Willelmus
1030 3776 1212 3847 monachus,
1244 3774 1429 3851 cellararius,

121 3862 297 3943 Stephanus
313 3863 514 3943 Francigena,
533 3864 623 3924 frater
638 3865 744 3925 Petrus
756 3865 793 3925 de
805 3865 909 3945 Syloe,
921 3864 1010 3925 frater
1019 3864 1188 3940 Johannes,
1200 3864 1290 3925 frater
1300 3863 1430 3945 Stepha-

121 3971 191 4030 nus,
215 3951 304 4013 lrater
329 3952 490 4030 Ricardus,
515 3954 622 4014 Petrus
646 3954 684 4014 de
708 3955 863 4032 Peregort,
888 3952 1043 4015 Robertus
1065 3954 1180 4030 Cocus,
1207 3953 1335 4014 Pisellus
1353 3952 1429 4031 Rex,

121 4041 276 4102 Robertus
286 4042 512 4103 Cementarius.
531 4042 657 4103 Factum
670 4043 824 4104 Balduino
835 4042 872 4102 ΙΙΙ
883 4062 965 4121 rege,
982 4043 1138 4105 Amalrico
1149 4043 1318 4124 patriarcha
1329 4042 1430 4119 (Dela-

120 4131 228 4208 borde,
247 4151 275 4210 p.
296 4133 437 4209 78-79,
456 4132 516 4193 No.
537 4132 598 4211 32).
1359 4129 1429 4191 335

182 4255 273 4316 1159
291 4258 378 4319 Mart.
393 4277 441 4338 13,
459 4258 589 4319 ind.Vll.
608 4262 725 4320 Accon.
742 4291 786 4300 -
803 4257 973 4318 Balduinus
991 4257 1039 4334 ΙΙΙ,
1049 4277 1101 4318 rex
1112 4256 1429 4338 Hierosolymitanus,

121 4347 264 4428 precibus
276 4347 450 4408 Milisendis
467 4347 570 4408 matris
587 4347 730 4408 ecclesiae
747 4348 781 4408 B.
795 4347 908 4407 Mariae
926 4347 963 4407 de
980 4346 1057 4407 valle
1068 4346 1213 4427 Josaphat
1230 4366 1285 4428 per
1300 4365 1430 4406 manum

121 4436 272 4497 Willelmi
290 4437 405 4497 abbatis
422 4437 519 4497 casale
529 4437 678 4499 Casracos
695 4455 793 4517 prope
803 4439 899 4496 Ascar
913 4436 1007 4497 situm
1024 4455 1095 4496 cum
1113 4433 1290 4513 adjacentiis
1306 4450 1430 4516 excepta

122 4525 268 4606 particula
283 4540 403 4588 tantum
421 4526 544 4586 cuidam
560 4526 726 4607 turcopulo
737 4526 804 4586 data
820 4546 837 4585 a
854 4525 1019 4586 Milisende
1035 4525 1109 4586 olim
1128 4544 1311 4586 concessum
1328 4524 1430 4604 sigillo

121 4613 293 4676 confirmat.
310 4649 353 4659 —
370 4614 564 4677 Humiredus
582 4617 620 4677 de
635 4616 764 4676 Torone
782 4614 1037 4693 constabularius,
1056 4612 1210 4675 Galterius
1226 4614 1264 4674 de
1282 4613 1312 4674 S.
1323 4615 1430 4675 Aude-

123 4723 210 4766 maro
225 4705 418 4781 castellanus,
430 4724 515 4766 nunc
525 4705 675 4767 dominus
685 4703 936 4786 Tyberiadensis,
953 4703 1161 4766 Gormundus
1177 4702 1429 4785 Tyberiadensis,

121 4793 319 4872 Guillelmus,
337 4795 539 4856 marescalcus
555 4794 645 4873 regis,
662 4794 860 4870 Guillelmus,
878 4793 1080 4855 marescalcus
1095 4792 1346 4873 Tyberiadensis,
1357 4791 1431 4855 Odo

122 4883 161 4944 de
177 4882 208 4945 S.
218 4884 374 4962 Amando,
392 4883 490 4944 Ottho
506 4884 545 4944 de
562 4884 721 4965 Risberge,
732 4883 886 4946 Galterius
901 4883 940 4943 de
951 4882 1071 4945 Guella.
1097 4883 1212 4944 Datum
1228 4902 1283 4964 per
1300 4901 1430 4944 manum
