3398 5400
668 315 748 393 regni
761 311 1022 394 Hierosolymitani.
1438 341 1493 408 145

191 541 276 602 tinus
301 541 461 619 diaconus,
486 541 569 619 Odo,
593 541 747 620 Rogerius
769 541 991 617 subdiaconus,
1015 541 1171 603 Robertus
1193 541 1231 602 de
1255 541 1365 617 Roma,
1390 542 1498 603 Petrus

193 630 457 706 Barchilonensis3
485 632 524 691 de
540 630 655 691 familia
671 630 874 711 patriarchae:
901 629 1066 692 Galfredus
1082 631 1210 712 dapifer,
1231 630 1380 692 Girardus
1397 630 1498 711 capel-

192 719 293 798 lanus,
311 721 419 781 Petrus
436 720 574 796 clericus,
593 720 772 781 Willelmus
787 719 927 794 crucifer,
944 720 999 800 qui
1016 720 1150 780 chartam
1167 720 1295 801 scripsit,
1312 719 1499 781 Aldebertus

193 808 349 890 pincerna,
372 825 446 870 tunc
463 809 611 890 temporis
629 825 807 890 praeceptor
824 809 937 870 domus
954 809 1150 890 patriarchae,
1168 811 1275 871 Petrus
1292 809 1497 870 Lombardus.

194 898 310 960 Datum
326 918 381 979 per
397 918 526 960 manum
550 899 699 960 Monachi
715 897 887 959 cancellarii
911 898 1062 976 (Rozitire,
1086 919 1116 980 p.
1137 919 1319 979 305-307,
1338 900 1397 960 No.
1422 900 1497 970 168;

195 988 311 1068 Migue,
328 1008 358 1069 p.
383 990 608 1068 1247—1248,
627 989 687 1049 No.
712 989 790 1066 168).
1118 999 1120 1004 ’
1429 986 1499 1047 543

256 1090 344 1153 1177
363 1095 445 1175 Sept.
455 1114 504 1160 27.
517 1093 673 1155 Venetiae.
683 1094 907 1156 -Alexander
915 1094 953 1156 lll
961 1094 1178 1175 Johanni,regi
1188 1095 1347 1174 ludorum,
1355 1096 1375 1173 ¹)
1385 1096 1498 1173 scribit,

193 1204 226 1244 se
250 1182 310 1261 jam
334 1184 388 1244 diu
412 1183 540 1263 quidem
570 1184 733 1260 audivisse,
758 1184 861 1265 ipsum
884 1184 985 1263 legem
1010 1184 1206 1245 christianam
1231 1185 1330 1265 sequi,
1354 1185 1408 1245 sed
1432 1200 1499 1246 tum

195 1273 324 1334 demum
335 1273 470 1354 primurn
483 1273 662 1352 magistrum
674 1273 863 1354 Philippum,
876 1275 1033 1335 medicum
1048 1290 1077 1335 et
1092 1274 1272 1335 familiarem
1289 1293 1393 1353 suurn,
1411 1274 1500 1336 detu-

194 1362 275 1441 lisse,
299 1382 371 1423 eunt
396 1361 456 1423 fide
473 1361 621 1424 catholica
638 1378 666 1423 et
682 1363 848 1444 apostolica
865 1361 1026 1444 disciplina
1050 1364 1164 1425 erudiri
1183 1362 1271 1441 velle,
1298 1364 1400 1444 itaque
1422 1383 1500 1425 eun-

195 1452 266 1513 dem
285 1452 465 1534 Philippum
481 1452 606 1513 remittit
622 1453 724 1533 ipsum
741 1470 844 1512 veram
862 1453 1044 1531 religionem
1061 1452 1257 1514 christianam
1275 1453 1500 1514 accuratissime

195 1541 363 1602 docturum
380 1541 687 1617 (Jaffe-waenfeld
712 1542 773 1602 No.
797 1561 923 1622 12942;
950 1543 987 1603 cf.
1005 1542 1097 1624 Heyd
1113 1542 1144 1603 in
1161 1542 1308 1605 Zeitschr.
1327 1542 1376 1604 fur
1392 1542 1499 1604 histor.

195 1630 307 1691 Theoi.
332 1631 366 1691 ι8
373 1631 422 1709 58,
441 1650 470 1711 p.
491 1632 570 1702 262;
595 1632 740 1708 Zarnclte,
759 1631 803 1691 De
821 1630 950 1712 epistola
967 1632 1134 1692 Alexandri
1151 1651 1247 1713 papae
1265 1630 1303 1693 lll
1319 1632 1357 1692 ad
1374 1634 1501 1713 presby-

195 1735 296 1780 terum
307 1720 493 1798 Johannem,
511 1719 631 1800 Lipsiae
649 1722 740 1800 1875,
760 1741 799 1783 ao
811 1740 873 1802 pp,
889 1723 927 1800 4⁰
943 1737 972 1781 et
988 1721 1051 1782 Der
1067 1721 1198 1782 Priester
1206 1721 1364 1782 lohannes
1375 1722 1407 1781 in
1419 1721 1500 1782 Abh.

197 1810 227 1870 d.
244 1809 371 1887 Kbnigl.
394 1809 492 1870 sachs.
514 1808 684 1871 Gesellsch.
703 1811 732 1871 d.
751 1809 942 1872 Wissensch.
968 1812 1059 1890 1879,
1076 1811 1169 1890 XVII,
1196 1831 1225 1892 p.
1244 1829 1283 1890 93
1291 1830 1437 1890 5-944;
1463 1810 1500 1872 cf.

196 1900 440 1980 P·945-946)·
1431 1896 1503 1958 544

272 2001 292 2063 ¹)
311 1997 403 2053 Aliam
427 1997 577 2070 epistolam
598 1999 760 2055 Alexander
772 2000 806 2054 lll
819 2000 856 2054 ad
869 2000 1022 2055 soldanum
1036 1999 1132 2068 Iconii,
1174 1999 1202 2054 ui
1214 1998 1319 2055 nuntiis
1333 2013 1361 2055 et
1375 2000 1501 2071 epistolis

197 2069 427 2136 confirmaverat,
440 2087 470 2125 se
485 2070 668 2126 christianam
681 2070 849 2143 religionem
860 2070 996 2142 profiteri,
1007 2071 1142 2126 direxisse
1153 2019 1245 2126 lectur
1258 2089 1325 2126 eum
1338 2072 1374 2125 ad
1388 2071 1502 2142 plenam

197 2140 395 2212 cognitionem
408 2158 492 2196 verae
506 2141 572 2196 fidei
587 2143 743 2198 catholicae
757 2144 932 2199 adducturus
947 2143 1034 2212 (Petri
1049 2143 1190 2198 Blesensis
1206 2144 1302 2215 Opera
1320 2143 1364 2198 ed.
1381 2143 1457 2198 Giles
1471 2144 1503 2213 ll,

197 2213 320 2284 append.
335 2213 556 2285 >cxl-xxxin
576 2213 611 2268 ef.
626 2214 763 2270 Rbhricht
776 2215 804 2270 in
818 2215 921 2271 Theol.
935 2214 1056 2270 Studien
1070 2234 1096 2269 u.
1110 2215 1239 2269 Kritilten
1258 2215 1332 2287 1891,
1345 2231 1371 2285 p.
1386 2216 1458 2287 360).

280 2369 299 2400 „
347 2325 561 2407 (Sept-Dec.
576 2327 637 2407 gt),
655 2327 718 2388 ind.
736 2327 776 2388 Xl
794 2327 862 2406 (leg.
881 2329 928 2404 X).
949 2327 1185 2409 Hierosolymis.
1204 2363 1246 2371 -
1264 2328 1434 2389 Balduinus
1451 2328 1502 2406 lV,

198 2434 250 2476 rex
261 2415 574 2496 Hierosolymitanus,
586 2435 741 2478 consensu
752 2417 908 2494 Balduini,
920 2417 1041 2478 domini
1052 2417 1255 2495 Ramatensis,
1266 2417 1394 2494 Baliani,
1406 2418 1503 2478 fratris

199 2502 275 2582 ejus,
294 2505 440 2565 Eschivae
458 2521 487 2565 et
503 2504 687 2587 Stephaniae
709 2504 854 2584 filiarum,
872 2507 1083 2583 constantiae,
1100 2507 1199 2568 sorori
1216 2508 1295 2587 regis
1312 2507 1458 2569 Franciae
1475 2524 1504 2568 et

198 2593 227 2656 S.
244 2593 345 2672 Egidii
362 2594 543 2672 comitissae,
565 2596 793 2674 scribauagium
815 2596 986 2657 Bethduras
1009 2596 1114 2657 casalis
1137 2617 1154 2657 a
1171 2596 1309 2675 Georgio
1326 2597 1363 2658 de
1380 2596 1503 2658 Betheri

198 2684 280 2745 CCL
305 2683 442 2744 bisantiis
466 2685 630 2746 venditum
652 2683 754 2765 sigillo
779 2684 950 2747 confirmat.
974 2719 1018 2728 -
1038 2684 1228 2764 Willelmus,
1254 2686 1504 2768 archiepiscopus

198 2771 369 2853 Tyriensis,
380 2772 572 2851 Regiualdus
589 2774 742 2855 princeps,
753 2773 927 2836 Joscelinus
944 2775 981 2835 de
993 2775 1206 2852 Semmosach,
1217 2774 1400 2837 castellanus
1412 2781 1504 2836 Asca-

199 2861 348 2940 lonensis,
366 2862 553 2940 Bulduinus,
572 2863 660 2924 frater
676 2863 752 2942 eius,
770 2863 948 2925 Willelmus
965 2864 1002 2925 de
1020 2866 1110 2926 Mont
1127 2865 1265 2942 Corneit,
1283 2864 1449 2926 Rohardus
1467 2865 1504 2925 de

200 2950 230 3012 S.
249 2952 415 3028 Abraham,
440 2952 596 3014 Robertus
620 2952 657 3013 de
680 2953 859 3033 Pinquigni,
884 2953 1054 3015 Gaufridus
1077 2953 1283 3015 Turonensis.
1316 2955 1431 3015 Datum
1450 2974 1505 3035 per

200 3059 329 3101 manum
340 3041 405 3117 W,
422 3041 645 3124 archiepiscopi
655 3042 816 3123 Tyriensis
832 3042 975 3122 regisque
993 3042 1165 3105 cancellarii
1182 3041 1340 3120 (Delaville
1351 3044 1378 3104 le
1390 3042 1504 3121 Roulx,

200 3150 230 3211 p.
248 3132 429 3208 127—128,
446 3131 507 3191 Νο.
528 3151 567 3211 39
586 3129 634 3210 [cf.
652 3151 681 3212 p.
700 3129 764 3212 t3l;
786 3132 886 3208 Prutz,
904 3152 933 3213 p.
952 3153 1020 3211 ιιι,
1039 3133 1098 3194 Νο.
1119 3133 1180 3213 37).
1196 3126 1207 3216 ll
1222 3132 1291 3193 Hoc
1308 3132 1505 3215 privilegium

199 3220 312 3280 eodem
329 3239 412 3281 anno
429 3240 463 3280 ac
480 3239 586 3281 mense
597 3220 707 3282 iisdem
718 3220 846 3282 testibus
857 3220 982 3302 Sibylla,
994 3222 1148 3283 comitissa
1158 3223 1275 3303 Joppae
1283 3238 1312 3283 et
1322 3222 1504 3298 Ascalonae,

200 3308 301 3387 sigillo
318 3308 481 3371 confirmat
498 3308 656 3385 (Delaville
672 3311 700 3371 le
719 3310 832 3388 Roulx,
851 3331 880 3392 p.
899 3331 1018 3390 tao-t
1028 3331 1078 3391 30,
1089 3312 1150 3373 No.
1162 3332 1199 3391 41
1217 3308 1265 3391 [cf.
1277 3331 1307 3392 p.
1320 3309 1388 3390 20];
1406 3313 1506 3389 Prutz,

200 3418 230 3548 p.
254 3419 285 3548 thr
299 3419 374 3460 1—t
389 3419 435 3477 12,
459 3401 519 3460 No.
540 3400 600 3480 38).
641 3400 676 3461 ln
701 3401 794 3462 dorso
818 3417 915 3461 cartae
938 3400 1066 3479 legitur:
1093 3401 1183 3462 Carta
1203 3401 1358 3462 comitisse
1375 3401 1506 3549 cassii?

226 3503 255 3549 et
279 3507 354 3549 aras.

282 3641 301 3672 „
348 3595 563 3677 (Sept—Dec.
578 3597 640 3676 31),
658 3597 721 3658 ind.
734 3598 772 3658 X.
792 3631 832 3640 -
849 3596 1032 3675 Balduinus,
1044 3596 1193 3658 dominus
1208 3597 1413 3676 Ramatensis,
1431 3617 1507 3659 con-

200 3684 270 3747 silio
286 3686 413 3764 Baliani,
430 3686 527 3747 fratris
544 3686 602 3762 sui,
620 3701 649 3747 et
666 3706 821 3747 consensu
838 3686 1006 3764 (Eschiv)ae
1023 3702 1051 3747 et
1068 3685 1253 3767 Stephaniae
1270 3685 1403 3747 filiarum
1420 3688 1507 3749 Con-

200 3775 337 3854 stantiae,
354 3775 454 3837 sotori
470 3777 549 3854 regis
565 3776 710 3837 Franciae
727 3791 756 3836 et
772 3777 944 3837 comitissae
960 3776 991 3837 S.
1010 3776 1141 3855 Aegidii,
1157 3776 1385 3855 scribauagium
1402 3776 1508 3837 casalis

202 3864 373 3925 Bethduras
390 3886 406 3925 a
426 3865 563 3944 Georgio
580 3866 618 3925 de
639 3866 762 3927 Betheri
778 3866 940 3927 venditum
964 3885 1068 3927 coram
1093 3884 1163 3945 rege
1187 3864 1357 3944 Balduino,
1381 3865 1507 3947 Sibylla,

202 3954 357 4015 comitissa
381 3955 498 4036 Joppae
524 3969 553 4015 et
579 3955 750 4032 Ascalonis,
777 3954 877 4034 sigillo
903 3953 1076 4016 coufirmat.
1096 3988 1141 3998 -
1157 3953 1328 4015 Raiualdus
1353 3955 1507 4036 princeps,

201 4043 385 4104 Joscellinus
402 4044 439 4104 de
457 4043 519 4105 Seu
537 4045 690 4123 Mossach,
708 4043 890 4105 castellanus
905 4044 1154 4122 Ascalonitanus,
1165 4042 1345 4104 Willelmus
1362 4044 1399 4104 de
1418 4045 1509 4104 Mont

202 4133 341 4210 Corneit,
360 4133 526 4195 Rohardus
543 4134 581 4194 de
598 4134 628 4194 S.
641 4135 808 4212 Abraham,
826 4133 998 4195 Balduinus
1015 4133 1053 4194 de
1070 4132 1264 4211 Semossach,
1282 4132 1453 4194 Balduinus
1470 4133 1508 4194 de

202 4221 404 4298 Jherusalem,
422 4223 613 4301 Reginaldus
630 4222 658 4285 le
676 4223 835 4303 Flamenq,
853 4223 891 4284 de
908 4222 1021 4284 Ybelin
1045 4222 1202 4300 (Delaville
1219 4223 1247 4283 le
1264 4222 1378 4300 Roulx,
1395 4242 1425 4303 p.
1450 4225 1508 4284 128

202 4332 323 4391 -129,
340 4312 401 4372 No.
419 4333 462 4393 40
479 4309 526 4392 [cf.
545 4333 574 4394 p.
599 4310 662 4392 13];
689 4314 789 4391 Prutz,
807 4332 836 4393 p.
854 4333 924 4392 ιιι,
941 4314 1001 4374 Νο.
1016 4313 1073 4392 363
1091 4311 1129 4373 cf.
1147 4331 1240 4393 supra
1256 4312 1317 4372 No.
1332 4312 1413 4391 540).
1439 4309 1509 4370 546

285 4464 304 4497 ,,
351 4419 472 4496 (Octob.
484 4435 554 4481 ante
565 4421 685 4497 mens).
703 4420 1168 4501 Hierosolymis.-Josbertus,
1178 4419 1347 4500 Hospitalis
1358 4420 1510 4499 magister,

205 4509 334 4571 infirmis
357 4509 526 4591 Hospitalis
549 4529 604 4591 per
626 4528 756 4571 manum
780 4510 929 4589 Stephani
953 4509 1141 4592 hospitalarii
1165 4509 1273 4570 casalia
1296 4508 1326 4570 S.
1346 4509 1459 4570 Mariae
1481 4524 1511 4570 et

204 4599 347 4681 Caphaer
362 4599 514 4678 concedit,
530 4600 615 4661 unde
633 4598 763 4660 infirmis
774 4618 869 4680 panes
878 4598 938 4659 albi
950 4599 1073 4676 dentur,
1085 4613 1114 4660 et
1123 4598 1225 4678 sigillo
1235 4597 1398 4660 confirmat
1409 4596 1510 4675 (Dela-

204 4688 275 4750 ville
290 4687 319 4750 le
336 4690 449 4765 Rouht,
474 4709 503 4770 p.
528 4690 708 4767 tab-127,
725 4690 786 4749 No.
807 4690 862 4769 383
889 4688 984 4766 Paoli,
1006 4687 1226 4768 Dell'origine,
1243 4708 1273 4769 p.
1289 4686 1510 4767 XLI—XLll,

205 4778 265 4839 No.
284 4799 321 4859 23
342 4776 486 4858 [gallice];
512 4778 613 4854 Prutz,
631 4777 849 4859 Culturgesch.
861 4779 890 4840 d.
906 4779 1100 4860 Kreuzzuge‚
1118 4798 1148 4859 p.
1161 4779 1351 4859 604-6053
1369 4779 1407 4839 cf.
1419 4778 1511 4838 Dela-

205 4867 275 4929 ville
291 4868 319 4929 le
336 4868 439 4929 Roulx
457 4868 490 4929 in
506 4868 583 4929 Eibl.
602 4868 640 4929 de
655 4866 763 4929 l’e‘cole
779 4868 810 4929 d.
828 4868 946 4930 chartes
968 4870 1060 4948 1887,
1078 4888 1108 4949 p.
1128 4869 1212 4949 348).
1441 4863 1509 4926 547

259 4985 423 5040 Rt'thricht,
444 4985 550 5041 Regesta.
1301 5003 1331 5044 10
