3398 5400
271 350 335 411 ²34
831 325 1006 395 Regesta

268 564 330 625 que
354 564 433 605 nova
457 545 659 606 admiratione
683 546 906 607 consideranda
923 563 1004 608 sunt.
1039 546 1225 609 Audivimus
1242 565 1270 608 et
1287 547 1329 608 rei
1346 547 1502 609 veritatem
1520 568 1574 629 per

268 633 386 711 certolsl
405 635 537 695 nuncios
553 634 729 711 didicimus,
740 636 827 716 quod
845 636 883 697 de
894 635 1019 697 Hiberia
1031 637 1158 716 quidam
1170 636 1336 712 christiani,
1347 638 1402 717 qui
1414 637 1573 716 Georgeni

269 722 1574 806 dicuntur,cuminnumeramultitudinemilitumcompeditum,divinoinspiraute

268 813 393 889 auxilio,
411 832 506 874 manu
520 814 636 875 fortiter
649 830 772 892 armata,
783 831 888 876 contra
900 814 1039 875 infideles
1049 834 1185 895 paganos
1197 815 1429 877 insurrexerunt
1439 815 1576 877 alacriter

269 918 298 962 et
314 901 373 978 jam
392 903 475 964 CCC
492 903 611 964 castella
627 918 657 963 et
681 903 721 964 lX
739 904 886 964 maximas
911 905 1001 964 urbes
1025 903 1235 983 subjugantes,
1258 905 1424 966 retinentes
1447 905 1575 966 forciara

269 993 374 1069 (corr.:
398 992 550 1070 forciore),
572 993 720 1053 debiliora
744 993 776 1053 in
800 993 935 1054 cinerem
959 994 1184 1073 redegerunt.³)
1215 994 1425 1055 Predictatum
1449 994 1575 1055 urbium

270 1082 403 1162 quedam
422 1083 479 1142 sub
497 1081 620 1142 Eufrate
638 1081 693 1142 sita
710 1098 892 1143 cunctarum
915 1083 1040 1144 urbium
1065 1084 1282 1165 paganicarum
1304 1099 1367 1144 erat
1384 1083 1575 1144 nobilissima

269 1187 297 1232 et
313 1189 433 1248 magna.
459 1172 616 1232 Dominus
633 1169 727 1248 hujus
744 1172 828 1232 urbis
844 1189 962 1253 preerat
978 1171 1060 1233 filius
1074 1173 1195 1233 soldani
1211 1172 1379 1247 Babilonis,
1397 1172 1451 1253 qui
1468 1187 1576 1254 captus

269 1282 285 1320 a
302 1260 445 1342 predictis
462 1260 633 1321 christianis
649 1260 746 1341 capite
763 1275 922 1321 truncatus
938 1277 991 1337 est,
1003 1262 1145 1342 quamvis
1161 1262 1227 1322 auri
1245 1260 1397 1323 infinitam
1409 1260 1575 1343 pecuniam

269 1348 458 1431 promitteret
474 1371 506 1410 se
523 1351 679 1411 daturum.
705 1349 792 1425 Quid
809 1351 910 1411 dicam
927 1371 982 1432 per
997 1351 1139 1431 singula?
1169 1349 1262 1411 Tales
1278 1351 1386 1431 quales
1402 1351 1519 1433 predixi
1536 1351 1574 1411 ad

268 1455 379 1500 terrant
403 1440 645 1519 recuperandam
669 1455 772 1501 sancte
795 1439 985 1501 Jherusalem
1010 1440 1134 1500 venient
1157 1455 1253 1501 totam
1282 1440 1446 1520 paganiam
1462 1438 1574 1518 subju-

268 1544 384 1606 gantes
403 1528 468 1588 Rex
479 1528 502 1605 4)
519 1548 627 1590 eorum
648 1528 760 1589 nobilis
776 1529 930 1589 sexdecim
947 1548 1047 1589 annos
1064 1549 1119 1611 par
1128 1528 1306 1590 Alexandro
1323 1529 1439 1590 viribus
1455 1546 1485 1590 et
1501 1549 1574 1611 pro-

270 1617 370 1693 bitate,
397 1635 581 1679 nontamen
599 1619 630 1678 in
648 1617 718 1679 fide.
751 1618 809 1678 Iste
833 1638 912 1700 puer
934 1639 1003 1679 ossa
1026 1618 1129 1679 matris
1153 1639 1209 1680 sue
1231 1618 1337 1697 regine
1360 1618 1575 1700 potentissime

269 1706 398 1768 nomine
423 1707 562 1768 Thamar
573 1707 595 1784 5)
621 1726 728 1768 secum
754 1723 864 1788 portat,
889 1727 966 1787 que,
993 1708 1069 1769 dum
1096 1708 1223 1785 viveret,
1249 1723 1357 1768 votum
1384 1708 1454 1768 fecit
1479 1707 1575 1768 eundi

268 1796 460 1857 Jherusalem
471 1813 510 1872 et,
522 1796 546 1857 si
564 1813 744 1871 moreretur,
762 1797 881 1877 rogavit
896 1796 997 1857 hlium
1007 1815 1112 1873 suum,
1125 1813 1158 1858 ut
1168 1795 1234 1874 ejus
1244 1815 1313 1857 ossa
1324 1797 1361 1857 ad
1372 1796 1574 1878 sepulchrum

269 1885 398 1947 Domini
416 1885 649 1963 defferlrlentur.
683 1885 739 1946 lste
756 1905 830 1965 ergo
848 1887 990 1966 precibus
1007 1885 1110 1947 matris
1126 1887 1329 1966 adquiescens
1346 1902 1454 1947 votum
1472 1886 1576 1946 matris

268 1995 323 2036 sue
341 1990 508 2036 restaurare
525 1975 675 2035 desiderat
692 1990 722 2035 et
738 1995 804 2035 eam
822 1976 854 2035 in
871 1991 1007 2035 sanctam
1024 1975 1185 2049 civitatem,
1203 1975 1379 2036 volentibus
1396 1991 1425 2036 et
1442 1975 1576 2036 nolenti-

269 2066 327 2125 bus
344 2064 481 2145 paganis,
499 2065 640 2144 promisit
656 2063 796 2145 repelire.
829 2065 947 2125 Mando
963 2065 1051 2125 vobis
1068 2065 1191 2142 iterum,
1213 2065 1352 2142 domine,
1369 2065 1457 2145 quod
1473 2065 1576 2125 statim

269 2169 339 2235 post
362 2151 422 2230 jam
445 2153 524 2214 dicta
547 2154 657 2234 scripta
682 2153 856 2230 didicimus,
881 2173 929 2214 res
944 2169 988 2214 est
1004 2154 1152 2214 mirabilis
1168 2169 1197 2214 et
1213 2153 1394 2214 miserabilis
1411 2170 1439 2215 et
1456 2154 1576 2215 cunctis

269 2243 417 2324 pavenda.
436 2241 637 2303 Notificatum
654 2259 701 2303 est
717 2242 809 2304 nobis
826 2242 933 2304 ultima
943 2243 1113 2324 septimana
1124 2243 1258 2322 Augusti
1269 2262 1323 2324 per
1332 2262 1422 2304 veros
1433 2243 1575 2321 nuncios,

269 2332 365 2413 quod,
375 2331 517 2411 quamvis
528 2352 636 2392 verum
647 2348 750 2393 tamen
760 2332 956 2393 audientibus
967 2332 1016 2393 vix
1033 2331 1186 2407 credibile,
1198 2348 1275 2393 terre
1286 2348 1390 2393 motus
1400 2332 1468 2393 talis
1480 2332 1575 2393 lactus

268 2438 323 2494 est,
347 2421 401 2501 qui
420 2440 593 2501 numquam
618 2421 716 2482 luerat
740 2421 874 2482 auditus.
908 2421 1019 2482 Factus
1044 2438 1073 2482 et
1099 2421 1195 2503 pridie
1221 2436 1290 2482 ante
1316 2421 1452 2501 vigiliam
1479 2421 1575 2483 sancti

269 2511 421 2572 Johannis
437 2511 570 2590 Baptiste
587 2510 638 2586 (22
651 2510 762 2587 Jun.)⁶)
780 2511 905 2571 interra
922 2510 1078 2589 Losore,⁷l
1096 2530 1157 2590 que
1174 2510 1263 2571 afinis
1280 2526 1324 2571 est
1339 2510 1461 2571 soldani
1478 2511 1574 2572 d'En-

268 2599 397 2676 coine,⁸)
415 2616 443 2660 et
460 2615 522 2659 tam
539 2619 682 2679 magnus,
694 2600 780 2679 quod
792 2600 888 2661 multe
899 2599 969 2660 ville
981 2614 1010 2661 et
1020 2615 1113 2660 castra
1125 2615 1308 2661 corruerunt
1319 2616 1347 2661 et
1358 2600 1419 2661 due
1430 2599 1574 2678 civitates,

268 2689 404 2770 quedam
429 2689 547 2749 abbatia
570 2704 641 2749 ante
664 2689 833 2768 quamdam
857 2689 1008 2750 civitatem
1033 2689 1162 2750 nomine
1178 2688 1371 2766 Finedelfe⁹l
1391 2689 1422 2749 in
1438 2689 1575 2751 abissum

269 2778 395 2861 perdite,
420 2794 523 2840 tamen
549 2793 627 2839 terra
651 2776 743 2859 plana
768 2776 801 2839 in
826 2778 936 2859 impari
961 2779 1031 2839 loco
1056 2794 1245 2854 remanente,
1271 2797 1345 2839 cum
1369 2778 1576 2840 habitantibus

269 2884 471 2930 recesserunt.
505 2867 665 2929 Omirum
683 2883 712 2928 et
728 2868 847 2928 cunctis
863 2868 1087 2929 admirantibus
1103 2868 1296 2948 pavendum!
1330 2867 1495 2946 lnterhec,
1513 2887 1575 2949 que

269 2971 359 3019 restat
375 2958 486 3035 dicere,
503 2972 583 3018 certe
596 2977 642 3017 res
654 2974 699 3018 est
709 2956 877 3034 verissima,
890 2957 1029 3034 domine,
1041 2957 1126 3037 quod
1139 2957 1267 3036 quidam
1279 2976 1371 3018 mons
1382 2972 1459 3017 terre
1472 2972 1575 3018 motus

268 3047 381 3108 scissus
398 3066 451 3128 per
468 3047 608 3107 medium
625 3067 660 3107 ex
678 3066 741 3107 una
757 3061 842 3127 parte
859 3046 1056 3124 sanguinem,
1081 3066 1115 3106 ex
1133 3047 1189 3107 alia
1209 3045 1255 3105 lac
1272 3046 1355 3106 visus
1371 3061 1416 3107 est
1432 3066 1575 3107 emanare

269 3156 323 3219 per
339 3150 433 3197 totam
445 3136 527 3197 diem
546 3152 575 3196 et
591 3156 627 3196 ex
643 3154 681 3196 eo
697 3136 756 3197 alia
772 3136 821 3196 die
838 3155 917 3215 aqua
929 3135 1107 3196 fetidissima
1123 3134 1268 3196 sabulum
1285 3155 1358 3197 cum
1375 3134 1575 3197 multitudine

270 3224 413 3300 maxima,
425 3240 453 3284 et
464 3224 573 3303 sciatis,
586 3225 673 3305 quod
683 3240 771 3302 terra,
782 3225 815 3285 in
825 3244 887 3305 qua
899 3224 959 3285 hoc
976 3223 1114 3285 mirabile
1132 3223 1245 3285 factum
1263 3239 1316 3305 est,
1334 3224 1576 3287 christianorum

269 3331 323 3393 est,
341 3330 370 3375 et
386 3314 457 3375 ideo
476 3315 619 3375 mandavi
636 3313 733 3391 vobis,
751 3329 785 3376 ut
802 3314 859 3374 hec
875 3313 995 3395 populo
1012 3313 1226 3375 annuncietis»
1249 3313 1286 3390 (E
1302 3314 1408 3374 codice
1420 3314 1514 3375 Paris.
1526 3314 1575 3375 lat.

270 3405 330 3466 No.
345 3424 440 3484 5137,
452 3403 504 3465 fol.
522 3425 530 3465 ι
547 3403 654 3483 gallice
666 3422 790 3464 versum
801 3403 903 3485 primo
916 3402 1032 3463 editum
1051 3403 1082 3463 in
1099 3402 1178 3463 Hist.
1196 3402 1251 3464 litt.
1270 3403 1307 3463 de
1324 3403 1352 3463 la
1369 3403 1485 3464 France
1497 3403 1575 3480 XXl,

270 3515 300 3576 p.
319 3496 359 3560 78
370 3495 510 3575 1-7833
537 3513 595 3554 nos
612 3493 703 3574 primi
695 3491 903 3572 originalem
921 3492 1051 3552 latinum
1069 3507 1187 3552 textum
1204 3491 1348 3567 edimus).
1507 3491 1577 3552 868

342 3602 364 3659 ⁸)
384 3597 427 3650 De
441 3594 670 3666 expeditionibus
684 3612 700 3648 a
715 3593 883 3665 Georgianis
898 3608 998 3650 contra
1010 3596 1170 3650 Saracenos
1185 3594 1267 3649 factis
1280 3593 1377 3649 videas
1388 3595 1486 3649 Journ.
1498 3594 1577 3649 asiat.

269 3666 521 3737 lVSe'r,Xlll,p
537 3665 1576 3807 507-508(1202-1203),p.5oq-5tt(tao4—1ao5),p.5tr(1205-

273 3741 393 3811 1206),p
528 3739 580 3809 17(
586 3739 819 3809 1206-).1207,p
855 3756 917 3811 17-
922 3755 973 3809 522
994 3730 1116 3808 (1208
1130 3740 1221 3810 1209);
1242 3738 1372 3792 deannts
1391 3755 1498 3809 ¹²09
1512 3755 1572 3792 1221

269 3825 372 3867 auctor
375 3758 451 3865 nthtl
416 3757 558 3864 olssrt
633 3812 656 3874 ⁴)
646 3809 818 3889 Georgtus
832 3757 869 3862 ΙΙΙ
884 3809 1018 3875 Lascha(
1008 3814 1123 3875 (1212-
1131 3812 1219 3880 (223),
1230 3825 1279 3879 qut
1272 3808 1378 3863 XVlll
1389 3826 1481 3863 annos
1493 3822 1576 3864 natus

269 3900 392 3955 regnum
406 3884 525 3963 adeptus
540 3893 582 3936 est
596 3881 734 3949 (Erosset,
748 3880 818 3935 Hist.
833 3881 868 3935 de
883 3878 1007 3952 Georgia
1022 3881 1041 3949 l,
1054 3898 1081 3952 p
1095 3880 1168 3950 481)
1259 3882 1280 3950 ὁ)
1301 3881 1383 3960 Quae
1397 3896 1492 3966 neque
1510 3897 1572 3935 1211

269 3955 407 4024 (Lebeau,
420 3953 490 4007 Hist.
505 3954 542 4007 du
558 3954 608 4008 bas
623 3951 730 4022 empire
744 3952 831 4018 XVll,
844 3970 870 4023 p.
883 3953 954 4024 236),
968 3969 1063 4023 neque
1079 3970 1143 4023 ⁴²07
1157 3953 1267 4020 (Journ
1281 3950 1359 4005 asiat.
1372 3952 1409 4004 lV
1422 3949 1494 4019 Ser,
1505 3951 1577 4021 Xlll,

269 4024 1046 4176 halarilttltih'th'tuttbtllltttl
1038 4042 1085 4094 Ἰ
1100 3992 1577 4174 ⁴⁷tttiallll33tattltll

270 4168 380 4225 tionem
394 4167 495 4222 frustra
512 4166 703 4238 quaesivimus
716 4165 745 4220 in
759 4166 909 4221 chronicis.
1002 4169 1022 4236 7)
1041 4164 1146 4220 isauria
1159 4164 1309 4219 meridiem
1322 4182 1420 4220 versus
1435 4166 1470 4219 de
1486 4183 1577 4238 regno

270 4253 298 4295 et
311 4241 382 4295 urbe
396 4238 493 4294 lconii.
577 4240 597 4309 ⁸)
618 4239 647 4292 ld
661 4250 704 4293 est
718 4236 810 4293 leonii.
873 4240 912 4307 ⁴)
932 4238 1039 4309 Aperte
1053 4236 1256 4307 philadelphia.

319 4332 410 4394 1214
435 4335 532 4415 April.
561 4354 611 4414 23.
645 4333 744 4394 Tarsi.
774 4366 815 4376 -
840 4334 905 4394 Leo
931 4333 971 4411 ΙΙ,
998 4353 1048 4395 rex
1075 4331 1251 4409 Armeniae,
1278 4331 1380 4411 sigillo
1406 4331 1578 4414 confirmat,

271 4424 423 4486 Garinunt
442 4425 479 4484 de
498 4425 605 4484 lvlonte
618 4429 729 4491 Acuto,
741 4423 924 4503 magistrum
935 4424 1049 4484 domus
1060 4419 1240 4503 Hospitalis,
1252 4421 1309 4482 sibi
1327 4442 1384 4502 pro
1400 4421 1579 4504 supplendo

271 4512 469 4575 matrimonio
494 4512 573 4573 filiae
597 4512 660 4592 regi
684 4512 971 4594 Hierosolymitano
997 4512 1081 4572 datae
1108 4512 1165 4571 XX
1189 4510 1284 4571 millia
1311 4511 1517 4572 bisantiorum
1540 4511 1578 4572 ad

271 4604 397 4685 pondus
420 4607 528 4663 Accon
551 4603 834 4663 accommodavisse
858 4617 888 4663 et
907 4601 1030 4683 pignori
1054 4616 1150 4662 totam
1173 4618 1284 4660 terram
1308 4599 1449 4679 Giguerii
1462 4602 1483 4679 ¹)
1506 4620 1579 4662 cum

346 4744 366 4807 1)
385 4738 511 4812 Djeguer
530 4739 588 4793 sive
609 4737 713 4811 Bajas
706 4756 734 4793 tn
748 4737 809 4793 sinu
825 4736 1579 4823 Alexandrettino(llulaurierrnJournasiat.1861,

271 4811 359 4865 XVlll
362 4829 408 4892 ,[3.
424 4829 485 4882 zuo
501 4826 566 4883 3ις3
587 4811 651 4865 Rec.
663 4812 690 4865 d.
701 4810 764 4865 hist
776 4811 802 4864 d.
814 4809 945 4876 croisad,
959 4821 1015 4863 aut.
1027 4806 1134 4863 armen.
1148 4808 1209 4878 l,p.
1223 4808 1313 4877 XXX,
1327 4808 1377 4862 Xl
1380 4808 1438 4879 Vll
1451 4809 1579 4881 LXXIX,

271 4883 323 4937 628
324 4884 419 4954 ,(346)
