3398 5400
281 361 338 402 120
839 333 1015 404 Hegesia

276 557 378 616 bertus
396 554 535 631 Pictavis,
552 554 661 615 Petrus
678 554 716 614 de
734 554 903 629 Lesmeses,
929 553 1101 615 Richardus
1118 553 1155 613 de
1173 552 1203 613 S.
1222 551 1388 630 Abraham,
1407 552 1582 614 Adalardus

276 646 313 705 de
330 644 446 721 Ramis,
470 642 551 705 Elias
568 644 606 704 de
624 642 725 722 Milac,
750 643 867 720 Petrus,
892 642 1016 704 vitricus
1039 641 1116 721 ejus,
1141 641 1323 703 Lambertus
1347 640 1450 717 Sutor,
1474 643 1582 703 Petrus

275 733 474 808 Cathalanus,
500 732 660 809 Martinus,
684 752 780 811 gener
796 731 872 811 ejus,
899 732 1095 793 Raimundus
1112 731 1223 809 Gasc0,
1246 731 1404 792 lohannes
1426 732 1464 793 de
1481 731 1582 793 Coro-

276 842 360 895 zana‚
378 821 493 903 Helyas
509 823 547 882 de
564 822 689 898 Burdel‚
706 823 792 882 Brun
808 822 1019 900 Burgundiae,
1037 821 1214 902 Stephanus
1224 820 1439 897 Alumnensis,
1450 819 1584 883 Guillel-

277 932 347 972 mus
364 912 402 971 de
419 910 535 983 Ramis,
560 911 717 972 Gerardus
741 910 932 989 Flamingus,
957 910 1132 992 Stephanus
1154 909 1382 991 Carpentarius,
1407 909 1584 972 Gilabertus

277 1002 315 1061 de
332 1001 515 1078 Carcasona,
533 1001 707 1062 Bernardus
724 999 986 1079 Pictagoricensis,
998 1000 1173 1060 Bernardus
1185 999 1317 1074 Malasis,
1330 998 1459 1061 Pontius
1469 999 1583 1061 Came-

276 1090 379 1168 larius,
391 1089 463 1168 Ugo
474 1090 576 1171 Latro,
588 1089 763 1150 Bernardus
774 1090 812 1149 de
822 1088 944 1167 Josalat,
957 1104 986 1149 et
1002 1089 1109 1149 ceteris
1125 1089 1283 1164 omnibus,
1300 1087 1353 1167 qui
1370 1089 1493 1150 venturi
1509 1102 1584 1149 sunt

278 1197 306 1240 et
322 1195 474 1240 venerunt
490 1195 559 1240 ante
576 1179 753 1260 captionem
770 1178 942 1239 Ascalonis.
967 1179 1024 1239 His
1040 1177 1187 1240 Gibertus
1202 1177 1307 1238 tribuit
1323 1193 1478 1258 praeterea
1495 1178 1583 1238 binas

277 1288 416 1328 carrucas
432 1288 449 1327 a
465 1268 653 1346 Begebelino
673 1288 773 1347 usque
797 1269 834 1328 ad
859 1282 1018 1345 toronum,
1042 1268 1128 1347 quod
1152 1267 1264 1329 dicitur
1286 1267 1444 1345 Tamarin,
1454 1268 1473 1344 1)
1496 1267 1583 1328 unde

277 1357 439 1417 annuatim
455 1357 621 1436 terragium
639 1373 668 1417 et
684 1356 819 1417 decimas
836 1357 970 1438 exceptis
986 1357 1122 1418 oleribus
1139 1355 1272 1417 soluturi
1288 1371 1362 1416 sunt
1372 1354 1484 1433 judicia
1494 1356 1582 1417 Jeru-

276 1446 371 1506 salem
389 1448 601 1514 observantes;
622 1447 660 1506 de
677 1447 789 1527 praeda
805 1466 879 1506 vero
895 1446 1053 1507 Saracenis
1070 1445 1168 1506 ablata
1179 1444 1331 1525 Hospitali
1349 1443 1431 1522 juxta
1448 1464 1583 1506 consue-

277 1535 418 1596 tudinem
436 1535 557 1613 Lithde,
574 1535 648 1595 alias
664 1536 777 1595 Ramas
800 1536 907 1609 dictae,
933 1536 1070 1596 reddent.
1103 1534 1296 1614 Quicunque
1317 1553 1390 1595 vero
1406 1550 1519 1595 terram
1535 1533 1583 1595 vel

279 1625 410 1685 domum
433 1624 568 1685 vendere
591 1624 732 1700 voluerit,
757 1645 824 1685 eam
848 1625 984 1705 primum
1008 1624 1151 1685 ministro
1174 1624 1342 1704 Hospitalis
1364 1643 1429 1684 uuo
1446 1624 1583 1685 robuino

278 1714 392 1790 minus,
410 1732 505 1793 quam
522 1712 601 1775 alius
618 1714 689 1774 dare
706 1714 787 1791 velit,
812 1714 922 1774 offerre
946 1715 1051 1788 debet;
1077 1713 1109 1773 in
1131 1713 1282 1774 adulterio
1299 1713 1378 1793 capti
1400 1733 1455 1774 seu
1479 1729 1583 1794 captae

278 1803 400 1884 publice
423 1805 668 1864 verberabuntur
690 1822 724 1863 ac
748 1804 860 1863 deinde
883 1801 1044 1880 ejicientur
1059 1822 1075 1863 e
1091 1818 1153 1863 tota
1169 1818 1257 1863 terra.
1289 1803 1322 1862 ln
1340 1803 1396 1862 hac
1413 1801 1582 1863 donatione

280 1892 406 1953 fuerunt
423 1912 494 1953 cum
512 1892 644 1954 domino
661 1892 841 1953 Raimundo
858 1892 965 1953 Petrus
982 1891 1177 1969 Guuillelmi,
1200 1890 1397 1952 cancellarius
1414 1890 1491 1968 ejus,
1509 1893 1583 1952 Ber-

279 1982 406 2042 trandus
422 1982 574 2059 sacerdos,
591 1981 777 2061 Stephanus,
796 1982 885 2042 frater
902 1979 977 2058 ejus,
1003 1981 1154 2042 Radollus
1171 1981 1322 2058 sacerdos,
1348 1980 1524 2062 Stephanus
1544 1981 1583 2042 de

278 2071 435 2151 Cappella,
454 2070 609 2130 Robertus
625 2070 741 2132 Comes
757 2086 786 2130 et
803 2071 892 2130 frater
908 2068 974 2147 ejus
990 2070 1175 2147 Gilabertus,
1191 2070 1359 2149 Gerardus,
1377 2069 1448 2148 Ugo
1465 2086 1494 2130 et
1510 2069 1583 2131 Odo

278 2161 316 2220 de
340 2159 526 2236 Calmuut,²)
550 2159 729 2236 Garnerius,
756 2160 944 2235 Desiderius,
970 2159 1077 2220 Petrus
1103 2159 1214 2237 Gasc0,
1241 2159 1396 2220 Robertus
1420 2158 1582 2237 Pincerna,

278 2250 385 2310 Petrus
401 2249 514 2324 Cocus,
532 2249 706 2309 Bernardus
723 2249 835 2324 Gasco,
853 2249 1028 2309 bernardus
1045 2249 1161 2325 Aimar,
1177 2248 1503 2310 GuuillelmusCocus
1515 2249 1537 2325 ³)
1555 2263 1584 2309 et

278 2338 338 2414 alii,
356 2357 493 2417 quorum
511 2338 642 2399 consilio
660 2338 734 2398 haec
744 2338 846 2397 charta
857 2337 966 2418 scripta
976 2354 1030 2398 est.
1048 2338 1094 2398 De
1105 2354 1207 2398 cetero
1218 2337 1375 2415 omnibus,
1387 2337 1582 2398 salvatamen

279 2425 448 2508 Hospitalis
465 2425 586 2504 justitia,
604 2426 846 2507 quibuscunque
869 2427 972 2504 velint,
997 2427 1129 2508 exceptis
1151 2427 1354 2506 religionibus
1371 2441 1401 2486 et
1422 2427 1581 2502 militibus,

279 2517 412 2577 vendere
445 2531 473 2576 et
499 2515 654 2576 invadiare
680 2516 749 2576 licet
774 2531 803 2576 et
829 2536 884 2596 pro
910 2516 1089 2577 venditione
1114 2535 1255 2576 carrucae
1281 2515 1435 2597 Hospitali
1467 2515 1583 2594 singuli

280 2605 400 2665 bisantii
417 2605 471 2665 etsi
488 2605 593 2666 minus
609 2605 657 2666 vel
674 2606 817 2685 amplius,
829 2624 923 2685 quam
942 2625 1037 2666 unam
1054 2624 1210 2666 carrucam
1221 2605 1425 2683 vendiderint,
1441 2605 1479 2666 ad
1490 2604 1582 2667 ratio-

280 2714 352 2755 nem
376 2694 470 2755 unius
494 2694 616 2755 bisantii
639 2695 677 2754 de
699 2714 832 2770 carruca,
856 2695 894 2754 de
911 2695 1008 2755 domo
1025 2714 1098 2755 vero
1114 2714 1148 2755 ac
1165 2696 1202 2755 de
1219 2694 1308 2754 vinea
1325 2693 1439 2772 singuli
1457 2694 1583 2755 robuiui

279 2782 420 2844 solvendi
446 2799 528 2844 sunt.
545 2818 589 2826 —
612 2784 718 2862 Guigo
744 2800 931 2865 praeceptor,
954 2784 1064 2845 Castus
1089 2783 1307 2860 thesaurarius,
1335 2782 1439 2844 fratres
1466 2783 1582 2860 Piotus‚

279 2874 386 2933 Petrus
403 2873 440 2933 de
458 2873 561 2947 Grato,
579 2873 807 2949 Amoranius‚⁴)
825 2874 929 2951 Aimo,
953 2888 1027 2935 tunc
1044 2888 1223 2954 praeceptor
1241 2872 1410 2954 Hospitalis
1426 2872 1579 2949 Gibeliui;

279 2963 316 3022 de
334 2962 516 3023 hominibus
533 2961 686 3023 Gibelini:
714 2963 920 3040 Raimundus,
945 2961 1027 3023 filius
1051 2962 1199 3044 Stephani
1223 2962 1400 3040 Lombardi,
1423 2962 1583 3023 lohannes

278 3050 488 3130 Burgundiae,
513 3053 619 3112 Petrus
635 3052 673 3112 de
690 3051 825 3125 Fabrica,
851 3053 955 3113 Morin
979 3053 1188 3129 Paschalinus,
1214 3053 1320 3113 Petrus
1344 3051 1381 3113 de
1402 3052 1582 3128 Jerusalem,

279 3141 419 3200 Andreas
437 3141 570 3215 Lornus,
590 3142 695 3202 Petrus
712 3142 749 3202 de
767 3141 872 3218 Fures,
899 3142 1078 3217 Durandus,
1095 3141 1177 3202 filius
1193 3141 1272 3202 Petri
1289 3141 1327 3201 de
1345 3140 1449 3220 Fores,
1475 3141 1583 3202 Petrus

280 3231 462 3291 Montonus.
488 3229 617 3290 Factum
635 3229 792 3292 Amalrico
809 3231 987 3310 patriarcha,
1006 3230 1161 3291 Amalrico
1178 3231 1189 3291 l
1205 3249 1276 3309 rege
1293 3250 1377 3291 anno
1393 3229 1584 3291 liberationis

277 3319 445 3379 Jerusalem
462 3319 559 3380 LXIX
576 3319 670 3395 (Paoli
687 3320 709 3395 l,
727 3339 756 3399 p.
773 3321 915 3399 46-47,
933 3320 993 3380 No.
1010 3340 1070 3400 45:
1097 3320 1169 3380 lois
1187 3317 1243 3398 [ed.
1254 3317 1406 3398 Beugnot]
1425 3319 1458 3397 ll,
1475 3338 1505 3400 p.
1521 3321 1582 3399 528

283 3443 317 3451 -
332 3429 404 3488 529,
430 3408 489 3470 Νο.
508 3428 567 3488 44;
601 3408 638 3469 cl.
655 3428 685 3490 p.
706 3428 766 3490 ²23
792 3424 821 3469 et
845 3430 904 3489 255
924 3424 1006 3483 not.;
1039 3411 1140 3487 Prutz,
1165 3409 1392 3487 Culturgesch,
1416 3428 1446 3489 p.
1467 3410 1529 3489 246
1554 3423 1584 3469 et

279 3498 395 3559 ZDPV.
414 3498 464 3576 lV,
482 3518 512 3578 p.
536 3500 726 3578 173—174).
1512 3494 1581 3556 457

353 3602 373 3666 ¹)
393 3599 511 3653 Conder
528 3597 556 3652 in
571 3601 669 3667 Quart.
689 3599 761 3654 Stat.
787 3598 861 3671 1890,
882 3616 907 3670 p.
923 3616 956 3671 39
976 3611 1066 3671 putat,
1086 3600 1142 3654 hoc
1166 3616 1228 3654 esse
1249 3599 1363 3654 tumrah
1383 3599 1476 3666 (sheet
1497 3599 1582 3667 XIX).

279 3673 301 3737 ²)
315 3669 406 3724 Alias:
421 3671 456 3724 de
471 3670 559 3724 Calvo
574 3682 682 3724 monte.
757 3673 780 3738 ⁸)
793 3670 907 3725 Eracles
919 3685 966 3743 27:
983 3671 1142 3726 Guillaunte
1157 3670 1182 3725 le
1196 3672 1288 3739 Queu.
1363 3675 1387 3738 1)
1400 3669 1476 3725 Alias
1490 3671 1567 3725 Amo

279 3760 383 3796 ramus.

322 3851 429 3930 (1168
446 3852 495 3930 c.).
512 3887 556 3895 -
573 3852 728 3929 Gibertus‚
745 3853 913 3934 Hospitalis
930 3853 1083 3932 magister,
1094 3853 1196 3932 sigillo
1206 3853 1370 3914 confirmat
1381 3855 1457 3931 A.,¹)
1469 3854 1583 3915 ducem

278 3943 468 4021 Hungariae‚
487 3941 656 4003 Dalmatiae
673 3956 703 4002 et
719 3942 869 4019 Croatiae‚
888 3962 960 4004 cum
979 3962 1074 4003 uxore
1091 3943 1123 4003 12
1139 3943 1269 4003 Terram
1286 3942 1429 4003 Sanctam
1447 3943 1582 4023 peregri-

278 4047 434 4108 naturum,
458 4031 611 4112 Hospitali
628 4031 656 4091 X
673 4031 767 4092 millia
790 4033 994 4093 bisantiorum
1018 4032 1176 4093 tradidisse
1194 4048 1223 4092 et
1239 4051 1293 4113 per
1309 4031 1472 4092 hominem
1488 4051 1583 4093 suum

278 4121 414 4182 Retchab
425 4141 459 4181 ac
471 4120 592 4181 fratrem
603 4121 795 4182 Bernardum
808 4122 1010 4199 mandavisse,
1021 4137 1055 4181 ut
1071 4122 1143 4182 inde
1160 4122 1267 4182 casalia
1284 4136 1313 4181 et
1329 4137 1422 4182 terras
1433 4136 1581 4200 emerent,

277 4230 415 4290 quorum
442 4210 612 4271 redditibus
637 4225 708 4291 post
733 4226 865 4271 mortem
891 4211 1031 4292 ipsorum
1056 4211 1102 4271 vel
1126 4231 1281 4272 recessum
1301 4230 1317 4270 e
1334 4211 1583 4291 peregrinatione

277 4300 347 4361 dicti
366 4300 470 4360 fratres
490 4299 639 4360 fruantur.
674 4299 786 4374 Quum
803 4319 875 4360 vero
892 4319 989 4381 prope
1013 4302 1123 4361 urbem
1146 4300 1462 4383 Hierosolymitanam
1486 4316 1582 4361 terrae

277 4389 399 4450 venales
421 4389 553 4450 inveniri
577 4408 643 4450 non
666 4388 848 4470 potuissent,
873 4389 1041 4470 Hospitalis
1062 4389 1166 4450 fratres
1183 4390 1282 4451 vicina
1299 4390 1406 4451 casalia
1423 4390 1581 4451 castellum

276 4480 402 4559 Emaus,
414 4483 538 4558 Aquam
549 4478 671 4556 bellam,
688 4477 814 4539 Belveer
830 4495 858 4539 et
875 4478 993 4540 Saltum
1010 4496 1167 4540 muratum
1184 4498 1358 4560 eorumque
1377 4479 1493 4540 fructus
1510 4480 1582 4541 duci

276 4585 305 4628 et
323 4569 411 4629 uxori
434 4568 466 4628 12
484 4568 581 4628 Terra
604 4569 715 4628 Sancta
739 4568 930 4629 versantibus
953 4568 1151 4645 concessisse,
1176 4568 1235 4629 nisi
1259 4568 1439 4629 mallentin
1463 4569 1582 4630 civitate

277 4662 383 4718 Accon
400 4657 548 4738 palatium
565 4659 727 4737 quondam
737 4656 854 4718 Giraldi
872 4659 909 4718 de
921 4658 1122 4736 caniculis,2)
1134 4659 1246 4719 domos
1258 4659 1298 4721 lV
1309 4658 1333 4718 F
1336 4658 1457 4719 ulconis
1469 4659 1582 4719 Mone-

276 4885 299 4942 Ε
343 4817 371 4894 ᾖ)
390 4811 470 4885 Fejer
482 4813 499 4867 1.
513 4829 536 4867 c.
551 4812 646 4884 legere
659 4811 733 4867 vult:
753 4812 853 4868 Belam
866 4812 935 4882 (111).
1045 4815 1065 4884 ²)
1084 4812 1175 4868 Alias:
1197 4811 1323 4884 Cunillis,
1343 4811 1453 4883 Cunilz,
1473 4811 1583 4884 Conilz,

302 4902 393 4942 omns.
