3398 5400
301 359 363 444 338
865 352 1042 429 Regesta

299 575 415 656 quibus
434 575 632 637 «nuntiatum
650 574 715 653 fuit,
731 576 818 654 quod
834 575 955 637 Tartari
971 574 1100 637 Terram
1125 575 1269 638 Sanctam
1292 575 1352 654 jam
1371 576 1554 657 ferensque
1571 575 1611 637 ad

299 669 412 726 Acram
424 666 609 727 destructam
620 680 880 745 recuperaverunt
890 680 928 742 et,
939 666 1027 745 quod
1040 665 1156 726 mirum
1166 679 1212 726 est
1220 665 1341 745 auditu,
1352 666 1484 728 durante
1495 683 1611 727 eorum

299 755 433 816 exercitu
456 774 512 835 per
533 755 589 816 XL
605 754 701 815 dietas
723 768 820 815 totam
843 752 928 815 illam
951 769 1063 816 terram
1086 774 1238 835 occupare
1261 757 1489 836 proponebant,
1513 769 1551 816 ut
1566 753 1611 815 sic

299 844 452 905 devastata
464 843 588 923 ibidem,
596 844 683 925 quod
693 843 779 922 absit,
787 841 896 921 majori
907 842 1106 905 multitudine
1115 844 1234 906 facilius
1243 858 1468 926 possentsuam
1477 843 1611 905 ulterius

297 933 501 995 vastationem
518 933 692 1009 dilatare»2)
717 933 902 1009 (Matthaeus
918 933 1271 1014 Westmonasteriensis,
1295 933 1492 1013 Francofurti
1514 935 1611 1082 116Ζέ10,

297 1041 328 1104 r·
348 1023 431 1104 3⁷4l·

299 1177 419 1233 domino
434 1178 495 1249 regi
506 1189 535 1233 et
545 1175 682 1249 magistro
692 1176 806 1249 Templi
817 1175 983 1232 Londinum
994 1190 1021 1233 et
1032 1176 1100 1248 aliis,
1113 1178 1164 1233 sed
1178 1189 1208 1234 et
1221 1178 1315 1250 plures
1327 1176 1427 1233 detulit
1437 1176 1534 1233 multis
1549 1190 1610 1232 tam

298 1249 367 1305 citra
382 1267 469 1321 quam
483 1249 555 1304 ultra
569 1261 684 1304 montes
705 1247 894 1321 magnatibus.
923 1248 979 1318 Qui
999 1262 1078 1304 tanta
1098 1248 1251 1305 velocitate
1272 1262 1332 1304 tam
1351 1248 1510 1322 spatiosam
1531 1247 1611 1305 viam

298 1320 473 1390 transcurrit,
482 1322 562 1392 quod
575 1319 747 1376 intolerabili
761 1320 928 1392 compulsus
942 1319 1111 1376 necessitate
1126 1319 1180 1392 die,
1191 1339 1251 1393 quo
1265 1338 1281 1376 a
1292 1322 1382 1376 Terra
1393 1321 1500 1377 Sancta
1511 1337 1611 1376 reces-

298 1392 343 1463 sit,
356 1392 461 1448 eodem
472 1394 509 1446 ad
519 1392 580 1447 Xlll
591 1391 765 1464 septimanas
776 1391 942 1447 Londinum
952 1391 1081 1448 intravit»
1093 1391 1194 1461 (ibid.).
1269 1395 1292 1460 2)
1306 1391 1459 1465 «Adjunxit
1482 1410 1519 1448 ue
1529 1391 1610 1447 idem

298 1464 423 1534 nuntius,
437 1465 517 1533 quod
531 1480 634 1519 omnes
648 1464 684 1517 ad
698 1480 728 1519 se
742 1463 942 1534 confugientes
956 1463 1001 1518 vel
1014 1476 1115 1545 captos
1129 1463 1237 1519 alienos
1250 1463 1279 1518 in
1293 1463 1384 1536 prima
1402 1463 1462 1519 acie
1498 1463 1545 1519 elli
1558 1480 1610 1519 ex-

298 1547 412 1661 ppnunt
426 1548 454 1590 et
467 1548 630 1661 pugnantes
644 1548 704 1589 tam
717 1533 768 1588 viri
781 1553 869 1615 quarn
882 1534 1028 1590 foeminae
1038 1548 1111 1591 sicut
1122 1548 1187 1590 ante
1198 1535 1237 1590 sic
1248 1548 1277 1590 et
1287 1548 1363 1591 retro
1375 1536 1450 1591 bene
1460 1535 1609 1616 sagittant.

328 1625 360 1662 ec
374 1607 479 1662 valebit
492 1624 507 1662 c
529 1605 687 1662 ristianitati
702 1606 741 1661 eis
755 1618 896 1675 resistere,
909 1606 961 1661 nisi
975 1606 1088 1678 potenti
1102 1625 1188 1662 manu
1202 1606 1257 1662 Dei
1270 1606 1440 1662 suffulcatur
1459 1608 1496 1662 ad
1508 1620 1609 1662 umce.

298 1677 423 1734 Vastatis
438 1677 514 1733 enim
526 1677 584 1751 jam
598 1677 657 1733 fere
672 1677 806 1733 omnibus
826 1676 934 1733 ibidem
947 1678 1118 1750 Templariis
1138 1691 1167 1733 et
1186 1677 1393 1750 Hospitalariis,
1412 1677 1466 1733 nisi
1487 1627 1609 1734 festinus

297 1749 465 1805 interveniat
478 1767 640 1820 succursus,
660 1749 689 1805 in
703 1750 814 1804 mundo
828 1767 917 1820 quam
931 1749 1021 1821 citiuS,
1035 1752 1116 1821 quod
1130 1750 1212 1821 absit,
1232 1749 1375 1806 horribilis
1388 1748 1551 1805 imminebit
1563 1748 1609 1806 in-

298 1821 414 1877 teritus»
429 1820 531 1891 (ibid.).

347 1914 438 1976 1260
453 1916 552 1998 April.
577 1936 623 1996 14,
641 1916 705 1978 ind.
723 1916 769 1977 lll.
795 1920 912 1978 Accon.
929 1949 973 1960 -
988 1917 1146 1979 lohannes
1163 1916 1280 1997 Grifus,
1297 1915 1386 1978 miles
1403 1916 1608 1995 Acconensis,

299 2025 373 2067 cum
389 2006 508 2087 Agatha
531 2025 626 2068 uxore
649 2006 736 2067 omni
753 2004 820 2085 jure
837 2021 866 2066 et
881 2005 997 2068 auxilio
1014 2005 1176 2085 Vellejano
1198 2006 1405 2084 renuntiante,
1423 2004 1485 2066 lilia
1502 2025 1610 2086 quon·

300 2096 371 2157 dam
388 2095 516 2175 Georgii
533 2096 571 2156 de
589 2095 719 2171 Vienna,
738 2113 842 2156 coram
863 2095 1010 2174 magistro
1032 2096 1167 2157 Arnulfo
1184 2097 1222 2156 de
1239 2096 1369 2173 Perona,
1391 2094 1499 2157 locum
1521 2095 1609 2157 vice-

298 2185 420 2247 comitis
435 2200 570 2262 tenente,
589 2185 704 2246 Alardo
721 2184 901 2266 Raymundi
911 2185 950 2245 de
961 2186 1065 2263 Curre,
1078 2184 1230 2247 Gaufrido
1241 2186 1279 2246 de
1289 2184 1452 2263 Tabbaria,
1463 2185 1609 2246 Johanne

300 2274 434 2356 Philippi
450 2289 481 2335 et
497 2273 635 2335 Henrico
652 2275 690 2334 de
707 2275 836 2351 Contes,
844 2274 864 2351 1)
887 2272 993 2352 juratis
1015 2275 1117 2336 curiae
1140 2275 1341 2352 Acconensis,
1359 2273 1450 2335 fratre
1467 2274 1608 2356 Crapho,

299 2362 498 2445 hospitalario
523 2363 698 2425 Acconensi
719 2363 889 2443 locumque
912 2364 1049 2442 magistri
1065 2379 1200 2442 tenente,
1218 2380 1247 2424 et
1264 2364 1381 2425 Aliotto
1397 2363 1608 2442 Uguiccione,

299 2452 452 2535 Hospitali
476 2473 531 2535 per
550 2472 679 2514 manum
703 2453 829 2533 Josephi
853 2453 891 2514 de
915 2453 1012 2515 Canci
1034 2452 1215 2515 thesaurarii
1238 2452 1350 2515 baculo
1374 2452 1486 2514 tradito
1509 2453 1609 2514 donat

298 2541 509 2618 hereditatem,
535 2562 632 2624 quam
657 2542 749 2604 habet
773 2543 806 2603 in
832 2541 950 2603 civitate
976 2543 1152 2605 Acconensi
1177 2542 1210 2604 in
1235 2544 1345 2604 Monte
1372 2541 1513 2603 Musardi
1536 2558 1608 2603 ante

299 2631 420 2710 turrim,
432 2652 512 2712 quae
523 2632 635 2694 dicitur
645 2631 866 2693 Columberius
882 2646 912 2692 et
928 2632 1025 2693 dictae
1035 2633 1151 2694 domus
1167 2647 1219 2710 est,
1236 2650 1272 2692 ex
1289 2647 1374 2713 parte
1384 2630 1608 2712 septentrionis

299 2720 378 2781 inter
394 2741 513 2801 rugam,
526 2741 605 2802 quae
616 2721 729 2783 dicitur
744 2722 782 2782 de
794 2720 981 2800 caldoreriis,
998 2736 1029 2783 et
1045 2741 1164 2803 rugam,
1183 2741 1263 2803 quae
1281 2721 1393 2783 dicitur
1408 2721 1447 2782 de
1465 2720 1608 2800 biscotm,

297 2826 327 2871 et
342 2810 433 2888 viam,
451 2830 531 2892 quae
548 2811 620 2872 inde
638 2811 730 2890 vadit,
747 2813 784 2871 ab
802 2811 921 2871 oriente
938 2830 1038 2891 usque
1055 2812 1249 2873 occidentem
1267 2811 1422 2892 usquead
1439 2829 1550 2891 rugam
1567 2810 1607 2871 de

297 2898 461 2961 calderone
477 2900 540 2960 sive
558 2901 596 2961 de
613 2901 710 2962 tribus
726 2899 834 2961 anellis
851 2916 879 2961 et
896 2901 1028 2961 domum
1050 2900 1209 2963 Michaelis
1228 2898 1399 2979 caldorarii,
1411 2918 1507 2981 quam
1523 2915 1608 2960 tenet

296 2990 334 3049 ab
361 2989 525 3070 Hospitali,
552 2990 665 3051 deinde
691 2989 860 3052 annualem
883 2989 952 3051 XVl
976 2989 1180 3051 bisantiorum
1204 3008 1344 3067 censum,
1369 3007 1465 3069 quem
1491 2988 1608 3050 abhinc

297 3076 403 3139 reddet
426 3078 578 3157 Ysabella,
605 3098 685 3141 uxor
707 3079 782 3141 olim
808 3080 894 3140 Adae
921 3078 1113 3141 Montifredi.
1139 3112 1183 3122 -
1208 3079 1362 3159 Craphus,
1389 3077 1543 3140 Girardus
1568 3077 1608 3139 de

297 3167 452 3228 Domibus
470 3168 592 3242 fratres;
610 3168 719 3230 Petrus
734 3168 912 3248 Burgensis,
929 3168 1088 3230 Johannes
1104 3168 1250 3245 Rofinus,
1262 3167 1432 3230 Ghibertus
1442 3167 1607 3246 Johannis,

296 3255 486 3318 Guillelmus
502 3257 616 3337 Scriba,
641 3258 840 3337 Francigena,
857 3257 1033 3320 Gnidoctus
1050 3259 1178 3336 Volans,
1203 3255 1292 3335 jurati
1317 3256 1429 3318 curiae.
1469 3255 1608 3318 Aliottus

296 3345 508 3424 Uguiccionis,
535 3345 627 3425 judex
653 3366 687 3407 ac
712 3347 851 3409 notarius
875 3347 1028 3429 publicus,
1051 3347 1171 3428 scripsit
1196 3345 1291 3424 (Paoli
1308 3345 1330 3426 Ι,
1354 3365 1384 3427 p.
1404 3347 1607 3426 297-298,

296 3434 356 3496 No.
380 3455 433 3516 19,
459 3435 497 3497 cf.
518 3437 590 3498 Lois
607 3434 665 3516 [ed.
684 3434 836 3517 Beugnot(
855 3436 890 3516 ll,
908 3455 938 3517 p.
958 3456 1008 3516 22,
1027 3437 1087 3498 Νο.
1107 3438 1147 3516 89
1165 3436 1252 3513 not).
1515 3432 1603 3494 1291

371 3538 389 3608 ¹)
408 3536 500 3592 Alias:
515 3538 658 3593 Conches.

377 3679 396 3709 „
442 3633 541 3715 April.
560 3652 612 3699 27.
644 3638 751 3694 Accon
771 3633 803 3694 in
821 3631 934 3715 palatio
958 3633 1102 3695 ecclesiae
1126 3632 1328 3710 Acconensis,
1353 3631 1468 3712 inquo
1492 3631 1609 3693 habitat

294 3720 422 3800 legatus.
434 3757 476 3765 —
486 3722 674 3784 Guillelmus
686 3724 723 3783 de
734 3723 866 3804 Camp0,
878 3723 953 3783 sacri
964 3723 1067 3804 palatii
1078 3722 1227 3801 notarius,
1239 3721 1411 3799 confirmat,
1423 3720 1608 3800 magistrum

295 3811 494 3892 Hugolinum
519 3812 710 3890 Romanum,
736 3828 969 3893 procuratorem
991 3812 1107 3873 abbatis
1130 3828 1159 3873 et
1183 3827 1354 3873 conventus
1377 3810 1409 3872 S.
1427 3809 1544 3871 Mariae
1568 3811 1607 3872 de

294 3901 450 3982 Josaphat‚
462 3920 567 3962 coram
577 3922 609 3962 se
620 3916 649 3963 et
660 3902 786 3962 testibus
798 3900 997 3982 infrascriptis
1007 3901 1161 3978 Thomae,
1173 3902 1322 3982 episcopo
1332 3899 1561 3961 Bethlemitano
1572 3918 1607 3960 ac

295 3989 586 4072 SedisApostolicae
595 3990 1045 4072 legato,epistolamAlexandri
1054 3992 1093 4053 lV
1102 4010 1198 4073 papae
1209 4010 1302 4071 supra
1311 3988 1607 4069 dictam(No.r264)

294 4080 543 4161 praesentavisse.
554 4116 608 4141 -.
627 4128 633 4142 .
653 4128 660 4141 .
676 4081 696 4158 1)
713 4080 787 4141 olim
801 4081 965 4162 episcopus
976 4080 1152 4157 Beritensis,
1164 4081 1256 4140 abbas
1266 4076 1473 4156 Bellimontis,
1480 4078 1502 4156 ²)
1514 4078 1609 4139 frater

295 4168 471 4251 Stephanus
488 4169 692 4249 Bellimontis,
703 4169 914 4231 Cisterciensis
931 4169 1060 4250 ordinis,
1072 4170 1163 4231 frater
1173 4168 1338 4247 Galterius,
1350 4167 1608 4249 poenitentiarius

293 4259 392 4339 legati,
402 4260 572 4342 Philippus,
580 4261 717 4321 decanus
726 4259 918 4321 Acconensis
928 4259 1124 4338 (Delaborde,
1134 4260 1345 4339 proti-107,
1356 4257 1417 4318 No.
1433 4257 1492 4337 51).
1516 4254 1608 4316 1292

369 4362 390 4428 ¹)
410 4359 607 4416 Galerannus?
632 4360 713 4414 ldem
726 4376 793 4414 cum
806 4358 939 4429 Amulio,
957 4358 1044 4414 fratre
1058 4359 1173 4415 Ordinis
1187 4357 1425 4415 Praedicatorum
1450 4356 1608 4415 concilium

293 4433 489 4512 Lugdunense
510 4431 578 4487 adiit
598 4431 774 4500 (Matthaeus
794 4430 873 4486 Paris
888 4431 935 4501 lV,
955 4448 982 4503 p.
997 4432 1060 4503 344)
1080 4444 1108 4512 et
1122 4449 1142 4512 ⁵:
1158 4449 1182 4487 a.
1197 4429 1376 4503 privilegium
1394 4448 1409 4484 a
1423 4399 1570 4510 lj‘riderico
1584 4428 1608 4483 ll

293 4503 402 4559 civibus
423 4502 607 4559 Acconitanis
628 4503 674 4572 (28
687 4504 769 4558 Mart.
788 4504 866 4572 ¹²24)
887 4519 1061 4559 concessum
1081 4504 1185 4558 vidisse
1205 4501 1360 4559 confirmat
1377 4500 1608 4569 (thkelmann,

293 4577 366 4631 Acta
379 4575 485 4631 inedita
498 4577 519 4645 l,
532 4593 558 4647 p.
573 4594 634 4646 241,
648 4576 703 4632 No.
718 4576 768 4648 263
783 4575 865 4644 not).
1000 4577 1023 4643 ²)
1042 4575 1086 4629 De
1099 4574 1153 4629 hac
1168 4573 1283 4631 abbatia
1296 4572 1332 4629 cf.
1346 4573 1457 4628 ZDPV.
1471 4573 1507 4644 X,
1520 4590 1549 4645 p.
1565 4589 1607 4644 35.

293 4648 422 4702 Abbates
436 4646 575 4729 anonymi
588 4658 786 4702 memorantur
804 4646 870 4701 1228
883 4646 1040 4716 (Potthast,
1053 4646 1108 4702 No.
1126 4644 1195 4717 186),
1220 4646 1286 4717 1246
1300 4647 1430 4717 (Berger,
1443 4644 1499 4699 No.
1516 4650 1609 4718 2039),

297 4736 359 4792 1251
377 4731 405 4774 et
422 4737 486 4792 1253
501 4717 581 4788 (ibid.
594 4719 650 4774 No.
665 4735 744 4790 5129,
758 4718 848 4789 5178).

377 4860 397 4892 „
442 4814 541 4896 April.
561 4833 612 4882 27.
637 4819 746 4875 Accon
769 4811 802 4872 in
825 4812 938 4894 palatio
959 4811 1103 4874 ecclesiae
1119 4813 1322 4892 Acconensis,
1347 4811 1379 4872 in
1403 4831 1469 4892 quo
1491 4809 1609 4873 habitat

291 4903 421 4986 legatus.
439 4938 483 4949 —
499 4903 690 4967 Guillelmus
706 4903 744 4964 de
761 4902 894 4984 Campo,
918 4903 995 4964 sacri
1011 4901 1113 4983 palatii
1131 4902 1280 4981 notarius,
1301 4900 1475 4980 confirmat,
1492 4901 1608 4983 Hugo-
