3398 5400
190 345 255 424 '360
754 337 928 408 Regesta

253 554 338 617 1271
360 557 471 620 Octob.
484 579 514 637 7,
531 557 595 618 ind.
606 556 687 618 XIV.
706 555 811 639 Ayacii
828 557 861 618 in
877 556 958 637 logia
968 557 1183 619 Ianuensium.
1201 590 1245 600 —
1260 557 1395 620 Iacobus
1412 557 1500 619 Pela·

190 648 311 709 vicInus
336 647 506 725 confirmat,
529 667 560 708 se
587 646 808 707 mercatoribus
831 648 1004 726 Abagham,
1028 645 1221 728 imperatoris
1237 646 1453 727 Tartarorum,
1471 661 1502 708 et

191 737 374 799 hominibus
390 737 468 816 regis
484 735 660 813 Armeniae,
676 736 756 815 regis
772 735 1047 818 Hierosolymitani
1063 752 1092 798 et
1108 735 1215 818 Cypri,
1232 756 1267 797 ac
1282 735 1405 798 domini
1421 736 1501 819 Tyri

191 843 220 888 et
230 826 367 908 Tyronis
378 846 504 888 necnon
515 825 702 907 patriarchae
713 825 911 903 Antiocheni,
922 825 1035 886 scilicet
1051 830 1144 887 Anna
1155 828 1270 905 Aenbs,
1288 825 1377 888 Gane
1395 825 1501 905 Boles,

192 916 281 978 Felaa
305 931 335 977 et
357 916 448 978 sociis
471 934 582 977 eorum
605 915 689 976 XXII
711 913 796 975 milia
819 931 848 976 et
863 915 1061 977 DCCXCVII
1078 915 1227 976 bisantios
1242 930 1273 976 et
1289 914 1342 976 VII
1359 915 1502 977 charatos

191 1005 387 1067 sarracinales
398 1011 597 1066 Acconenses
613 1004 750 1066 solvisse.
767 1037 811 1048 —-
826 1005 993 1066 Jacobinus
1009 1004 1088 1066 Petri
1105 1004 1229 1084 Auriae,
1240 1005 1399 1067 Iohannes
1415 1004 1502 1066 Pisa-

192 1115 252 1157 nus
268 1095 417 1173 notarius,
435 1094 601 1156 Delosolve
618 1094 655 1154 de
673 1093 781 1173 Signo,
791 1094 949 1155 Iohannes
959 1093 1155 1169 QuInzanus.
1173 1094 1281 1155 Petrus
1291 1095 1330 1156 de
1341 1093 1499 1156 Vultabi0.

194 1183 333 1246 notarios
343 1185 419 1245 sacri
430 1183 561 1264 imperii
573 1183 693 1265 scripsit
704 1182 870 1262 (Langlois
882 1203 911 1265 p.
927 1204 996 1264 151,
1008 1184 1067 1246 No.
1083 1203 1139 1264 243
1156 1182 1306 1245 Archives
1315 1184 1354 1245 de
1364 1183 1499 1245 l'Orient

192 1274 266 1335 latin
283 1274 304 1354 I,
328 1293 357 1354 p.
374 1279 604 1354 441—442A3
620 1272 702 1348 ¹)cf.
719 1292 812 1353 supra
829 1273 889 1334 No
914 1273 1014 1352 1381).
1409 1269 1499 1332 1382

265 1373 451 1456 ¹)lbidemp.
464 1392 551 1455 443—
555 1391 616 1455 534,
636 1374 690 1428 Νο.
710 1391 753 1427 r-
757 1391 792 1446 79
813 1371 995 1429 Inveniuntur
1013 1376 1101 1430 Acta
1115 1373 1248 1430 Fndenct
1262 1375 1298 1429 de
1311 1372 1499 1455 Platealonga

194 1465 209 1502 e
223 1447 382 1528 registro
359 1444 470 1500 Nicolai
483 1447 583 1501 Denns
597 1444 717 1500 notarii»
733 1446 943 1518 (1274-1270),
957 1463 972 1501 e
986 1445 1090 1518 quibus
1104 1446 1251 1502 historiam
1265 1462 1346 1518 regni
1339 1443 1498 1502 Hieroso-

193 1517 321 1592 lymrtani
334 1516 481 1572 attInentia
496 1517 643 1589 elegimus.

237 1632 249 1711 (
288 1677 306 1710 ,‚
353 1630 529 1709 autumno)
540 1630 715 1705 -Simon,
733 1629 812 1690 tituli
829 1629 859 1691 S.
878 1629 1028 1692 Caeciliae
1046 1629 1207 1691 cardinalis
1224 1631 1393 1711 presbyter,
1412 1628 1500 1692 Sedis

193 1720 389 1803 Apostolicae
399 1720 528 1799 legatus,
537 1722 556 1799 1)
574 1719 723 1781 omnibus
733 1719 914 1780 Christianis
926 1719 1056 1798 nuntiat,
1067 1738 1148 1800 quae
1159 1720 1196 1780 de
1208 1718 1331 1780 damnis
1340 1738 1357 1778 a
1367 1718 1500 1780 soldano

193 1811 326 1892 Aegypti
350 1809 521 1871 christianis
545 1809 633 1870 illatis
649 1828 686 1870 ex
702 1807 830 1890 epistola
846 1809 962 1870 abbatis
979 1806 1139 1888 cujusdam
1153 1809 1175 1887 2)
1192 1806 1388 1869 transmarini
1412 1827 1500 1870 com-

194 1901 271 1983 perit
287 1899 423 1981 (Kervyn
441 1899 478 1960 de
496 1899 686 1960 Lettenhove
702 1899 735 1959 in
757 1897 861 1959 Nouv.
879 1899 973 1959 me'm.
991 1899 1029 1960 de
1045 1898 1152 1959 l'acad.
1170 1898 1209 1959 de
1225 1895 1385 1959 Bruxelles
1407 1898 1499 1978 1850,

193 1990 291 2067 XXV,
309 2010 338 2071 p.
362 1991 511 2066 18—20,
529 1990 590 2049 No,
611 2007 644 2068 5;
677 1987 837 2065 Rbhricht,
854 1988 943 2048 Beitr.
962 1987 997 2064 II,
1021 2008 1050 2069 p.
1071 1989 1268 2065 287-288,
1283 1987 1357 2048 Not.
1379 2006 1436 2067 52;
1462 1987 1499 2048 cf.

195 2079 343 2141 Archives
353 2078 391 2139 de
402 2077 536 2140 I'Orient
551 2078 626 2138 latin
642 2076 665 2137 II
675 2082 713 2156 A,
731 2096 760 2157 p.
775 2077 969 2157 397-399).
985 2071 996 2161 ))
1011 2078 1129 2138 Fodem
1141 2093 1280 2158 tempore
1296 2075 1380 2137 idem
1397 2075 1501 2137 scribit

195 2168 343 2250 episcopo
360 2167 564 2244 Tornacensi,
576 2186 656 2247 quae
673 2167 710 2227 de
727 2166 960 2228 incursionibus
976 2167 1120 2228 antedicti
1136 2166 1257 2227 soldani
1268 2165 1301 2226 In
1311 2164 1390 2226 fines
1401 2170 1501 2227 Acco

196 2278 308 2319 nenses
319 2256 403 2318 factis
413 2272 444 2318 et
453 2272 626 2338 expugnata
637 2255 711 2316 olim
722 2255 974 2338 Templariorum
987 2275 1055 2317 arce
1065 2255 1131 2317 aliis
1141 2255 1279 2337 epistolis
1288 2255 1502 2316 transmarinis

195 2347 321 2428 accepit,
339 2362 368 2407 et
384 2346 531 2427 episcopo
548 2346 683 2425 mandat,
708 2360 741 2407 ut
757 2345 793 2405 III
809 2345 858 2406 die
875 2346 1061 2407 Novembris
1081 2345 1221 2406 Instantis
1237 2344 1321 2425 apud
1338 2345 1500 2426 Compen-

196 2436 284 2498 dium
295 2455 367 2497 cum
378 2436 538 2497 abbatibus
555 2452 583 2496 et
598 2435 753 2516 prioribus
763 2435 983 2513 Cisterciensis,
996 2434 1210 2497 Cluniacensis
1225 2451 1254 2496 et
1269 2435 1501 2496 Praemonstra-

194 2526 288 2588 tensis
313 2525 461 2586 ordinum
483 2540 658 2606 compareat
682 2525 719 2586 de
745 2524 871 2603 negorio
890 2525 1004 2586 Terrae
1024 2524 1152 2586 Sanctae
1171 2544 1243 2586 cum
1263 2523 1332 2605 ipso
1351 2523 1501 2585 delibera-

194 2633 281 2678 turus
299 2614 413 2691 (Nouv.
431 2616 537 2693 me'm,
554 2613 574 2675 l.
592 2634 617 2675 c.
636 2634 666 2695 p.
686 2633 825 2691 20-21,
848 2613 908 2675 N0.
927 2615 963 2689 6;
996 2614 1156 2693 Rbhricht,
1172 2614 1192 2675 I.
1210 2633 1235 2676 c.
1253 2633 1282 2695 p.
1302 2613 1501 2693 288—290,

194 2705 267 2767 Not.
289 2705 348 2784 2).
1412 2700 1502 2762 1383

271 2805 456 2932 ¹)Quilpost
461 2818 587 2861 mortem
601 2803 721 2878 Aegidii,
732 2803 1094 2886 archiepiscopiTyrensis‚
1105 2802 1184 2860 offi
1165 2822 1236 2859 rum
1245 2803 1407 2885 Apostolici
1417 2802 1503 2877 legati

195 2877 343 2960 suscepit(
333 2880 366 2945 (Z
398 2878 448 2932 PV
468 2878 492 2931 X
494 2896 539 2948 ,.p
553 2878 604 2946 18)
584 2877 965 2957 (sregonuthenorem
979 2876 1117 2958 epistolae
1129 2888 1419 2931 transmarinaeexe
1456 2892 1503 2932 ere

194 2950 306 3005 videtur
328 2948 449 3030 epistola
472 2966 523 3004 sua
550 2968 558 3003 1
576 2950 668 3030 A.ug
686 2949 809 3074 ¹²74lad
833 2947 984 3003 Simonem
1005 2948 1111 3003 directa
1134 2948 1286 3018 (Potthast,
1309 2947 1364 3002 No.
1386 2965 1421 3004 2ο
1484 2953 1502 3015 ).

198 3026 220 3090 )
241 3023 407 3075 haloramur
420 3020 582 3092 siquidem
574 3037 604 3075 rn
617 3019 729 3076 civitate
770 3019 921 3091 ripoIitana
935 3037 987 3075 nec
1006 3021 1146 3074 audemus
1161 3020 1196 3074 ad
1210 2988 1356 3074 abbdtiam
1373 3031 1504 3087 reverti»,

197 3093 273 3148 unde
287 3092 481 3173 colligendum
496 3109 558 3147 esse
569 3091 681 3147 videtur
682 3093 778 3172 ,quod
792 3093 882 3146 abbas
896 3092 932 3146 de
946 3088 1503 3172 BellimontepropeTnpolim(ZDPV.

196 3166 221 3220 X
223 3181 268 3245 ,p.
284 3165 327 3236 35)
341 3163 541 3235 Intelligendus
556 3177 607 3219 est.
635 3163 777 3244 Memoria
791 3162 877 3233 digna
897 3176 964 3218 sunt
983 3162 1101 3219 nomiaa
1121 3161 1339 3244 possessionum
1358 3179 1504 3234 nusquam

196 3206 261 3290 allbi
272 3248 440 3291 vocatarum
455 3236 505 3290 sed
516 3234 664 3307 Tripoli
638 3234 810 3290 vicinarum:
825 3236 847 3289 n
851 3236 1003 3291 ossombre
1017 3246 1045 3290 et
1058 3233 1171 3305 Roseia,
1185 3250 1259 3305 quae
1272 3253 1289 3290 a
1302 3232 1426 3290 soldano
1440 3246 1503 3290 tum

196 3309 358 3362 destructae
372 3318 446 3362 sunt.

258 3415 348 3478 1272
365 3417 454 3479 Febr.
478 3419 525 3497 16,
549 3417 613 3478 ind.
630 3417 697 3478 XV.
722 3418 862 3479 Accon
854 3438 887 3479 m
910 3419 1007 3480 domo
1030 3417 1313 3479 Theutonicornm.
1331 3449 1376 3460 -
1395 3420 1503 3498 Agnes

197 3511 235 3570 de
252 3507 451 3585 Scandalion,
469 3526 547 3569 uxor
564 3506 724 3568 Guillelmi
741 3507 779 3568 de
795 3508 1019 3584 I'Amandelee‚
1037 3506 1147 3569 domui
1157 3505 1432 3569 Theutonicorum
1450 3527 1504 3589 per

198 3617 327 3659 manum
344 3596 482 3658 Conradi
492 3596 530 3657 de
540 3597 684 3674 Anenelt,
697 3597 801 3675 magni
813 3596 1028 3679 praeceptoris,
1039 3596 1141 3676 sigillo
1159 3596 1331 3675 confirmat,
1347 3615 1380 3657 se
1397 3612 1504 3658 contra

197 3687 381 3748 antedictam
399 3686 529 3747 domum
547 3686 709 3747 occasione
726 3687 868 3767 appaltus
884 3705 939 3768 per
949 3685 1155 3748 Guillelmum
1173 3686 1253 3746 Inter
1268 3704 1337 3747 eam
1353 3701 1383 3747 et
1399 3684 1504 3767 ipsum

198 3776 288 3838 inhiti
305 3793 334 3836 et
350 3775 493 3836 annualis
510 3793 621 3836 census
637 3774 752 3835 scilicet
762 3774 801 3837 VI
818 3775 952 3837 millium
970 3791 999 3836 et
1013 3776 1125 3837 CCCC
1135 3773 1340 3836 bisantiorum
1351 3774 1503 3837 reddendi

198 3864 414 3946 quaestionem
439 3863 574 3944 aliquam
600 3882 725 3925 movere
751 3865 844 3928 nolle.
870 3899 913 3909 —
939 3865 1122 3945 Conradus,
1149 3883 1282 3944 magnus
1308 3880 1503 3946 praeceptor,

197 3955 345 4018 Nicolaus
362 3953 554 4035 drapperius,
571 3954 728 4015 Iohannes
744 3954 782 4014 de
800 3954 880 4016 Saxo
896 3954 1113 4027 thesaurarius,
1139 3953 1330 4034 Fredericus,
1348 3953 1504 4015 Henricus

199 4045 314 4124 fratres,
327 4043 470 4124 magister
479 4048 636 4105 Accnrsus
646 4044 822 4105 advocatus.
847 4044 1015 4123 Iohannes,
1027 4043 1155 4105 clericus
1165 4043 1367 4121 Acconensis,
1379 4042 1505 4104 assisius

198 4134 342 4196 ecclesiae
369 4133 399 4195 S.
417 4133 527 4195 Crucis
542 4132 743 4212 Acconensis,
767 4132 885 4215 scripsit
908 4133 994 4215 (Rey,
1018 4153 1049 4215 p.
1071 4151 1233 4213 45-47;
1265 4133 1304 4193 cI.
1329 4133 1502 4214 Altpreuss.

198 4223 403 4287 Monatsschr.
422 4224 513 4301 1882,
525 4221 605 4301 XIX,
616 4242 647 4304 p.
660 4224 734 4302 642,
746 4223 807 4284 No,
818 4242 878 4304 473
896 4222 1023 4284 Forsch.
1034 4222 1115 4301 XXI,
1127 4242 1156 4304 p.
1172 4242 1244 4302 500,
1255 4222 1316 4283 No.
1331 4223 1391 4302 24).
1414 4219 1505 4282 1384

288 4392 307 4425 ,,
353 4348 425 4408 Jun.
444 4367 474 4426 9,
498 4347 562 4408 iud.
578 4347 646 4408 XV.
671 4347 800 4408 Romae.
818 4380 861 4391 —
878 4347 984 4409 Guido
1006 4346 1143 4409 Ballonis
1163 4346 1348 4426 Parmensis,
1365 4347 1506 4410 notarius

198 4439 229 4501 S.
240 4440 275 4499 E.
288 4437 337 4517 R,
355 4435 527 4515 confirmat,
544 4436 666 4497 fratrem
682 4436 850 4516 Thomam,
866 4436 1066 4518 patriarcham
1085 4435 1418 4518 Hierosolymitanum,
1434 4436 1505 4499 dili-

198 4527 283 4607 genti
300 4525 520 4587 deliberatione
538 4524 639 4587 habita
662 4546 734 4587 cum
758 4525 910 4608 Opizone,
935 4526 1103 4608 patriarcha
1127 4525 1335 4604 Antiocheno,
1360 4524 1505 4589 dominas

199 4617 361 4697 quondam
388 4614 505 4676 ordInis
531 4615 562 4677 S.
586 4614 739 4694 DamianI,
762 4634 842 4695 quae
865 4632 938 4677 sunt
960 4616 1043 4697 apud
1067 4615 1226 4677 ecclesiam
1250 4614 1281 4676 S.
1298 4616 1444 4677 Andreae
1466 4617 1505 4678 de

200 4705 313 4768 Fractis
337 4724 434 4787 prope
457 4704 488 4766 S.
506 4703 637 4767 Mariam
654 4703 805 4782 Majorem
822 4706 859 4766 de
876 4705 970 4783 Urbe,
992 4704 1093 4785 sigillo
1110 4704 1252 4786 apposito
1268 4724 1285 4764 a
1302 4705 1382 4766 dicta
1398 4704 1506 4785 regula

199 4795 366 4857 absolvisse
382 4810 412 4856 et
427 4795 465 4855 ad
482 4795 564 4856 illam
582 4793 613 4857 S.
623 4794 792 4874 Augustini
802 4795 1002 4856 transtulisse.
1024 4795 1104 4856 Inter
1114 4810 1203 4856 testes
1213 4793 1383 4876 patriarcha
1393 4795 1506 4857 Antio-

200 4886 320 4946 chenus
336 4884 487 4962 (Sbaralea
503 4884 552 4965 III,
569 4904 599 4966 p.
619 4886 804 4966 245—246,
821 4900 886 4946 not.
904 4885 956 4962 m).
1414 4881 1505 4946 1385
