3398 5400
199 320 240 384 78
761 313 936 386 Regesta

199 533 378 594 Willelmus
394 533 506 610 Gasc0,
529 533 707 614 Stephanus
722 534 930 612 Bituriceusis,
958 536 1132 597 Bernardus
1150 536 1356 615 Lombardus,
1374 537 1506 598 Bernar-

198 624 258 683 dus
274 624 312 683 de
329 622 359 684 S.
373 621 498 700 Albine,
516 622 670 685 Galterius
687 624 812 700 Parvus,
830 625 1005 685 Bernardus
1022 626 1059 685 de
1077 627 1185 687 Monte
1202 625 1327 704 Gaudii,
1338 626 1506 688 Gauterius

198 711 385 774 Dominicus
395 712 433 773 de
445 713 553 773 Monte
564 712 688 774 Gaudii.
706 712 835 774 Factum
851 728 896 773 est
913 713 945 774 iu
959 713 1092 774 claustro
1109 728 1138 774 et
1155 714 1186 775 in
1204 715 1338 795 capitulo
1349 716 1379 776 S.
1392 715 1506 796 Sepul-

199 801 274 878 chri,
299 800 410 862 Amico
433 803 551 863 decano
574 800 785 879 juramentum
808 802 1031 863 determinante
1054 823 1157 864 coram
1182 804 1324 865 testibus:
1351 804 1505 866 Rainaldo

199 890 315 967 Sicher,
333 890 471 972 Symone
488 891 593 968 nuno,
618 893 708 952 Petro
726 891 976 970 Petragoricensi,
994 891 1146 954 Gaufrido
1162 893 1354 971 Turonensi,
1376 893 1505 955 Alberto

198 980 387 1058 Lombardo,
398 979 510 1040 Pontio
527 980 665 1060 Gaagne,
676 981 766 1042 Petro
784 980 822 1040 de
840 980 870 1041 S.
882 980 1008 1042 Lazaro,
1024 1015 1068 1024 —
1085 982 1253 1044 Umbertus
1263 982 1371 1059 Faber,
1383 983 1505 1044 Rober-

198 1086 247 1131 tus
263 1070 302 1130 de
319 1068 461 1150 Neapoli,
479 1069 623 1148 magister
640 1069 739 1131 Lucas
757 1069 933 1148 Veneticus,
958 1070 1118 1149 Segnoret,
1137 1071 1281 1132 Albertus
1301 1072 1326 1132 F
1328 1072 1503 1153 rancigena,

199 1157 397 1219 Raimundus
412 1158 540 1233 Tortus‚
557 1159 751 1220 Clementius
769 1160 914 1236 Machon,
941 1159 1088 1221 Gibertus
1105 1161 1252 1238 Machon,
1270 1160 1449 1222 Willelmns
1465 1161 1504 1223 de

199 1246 308 1321 Pissot,
327 1247 504 1309 Willelmus
520 1248 726 1325 Turonensis,
745 1247 897 1309 Martinus
914 1248 1026 1324 Gasco,
1048 1250 1155 1310 Petrus
1172 1249 1356 1329 pictavinus,
1374 1250 1505 1331 Stepha-

199 1356 269 1415 nus,
296 1335 379 1398 filius
402 1337 481 1397 Petri
502 1337 621 1414 ludaei,
648 1338 788 1398 Andreas
811 1337 849 1398 de
868 1336 954 1398 Valle
979 1338 1109 1415 Cursus,
1135 1338 1293 1400 Ainardns
1318 1339 1504 1418 Cavaillum,

199 1425 398 1487 Raimundus
413 1425 601 1503 Teisserant,
622 1426 750 1488 Pontius
767 1426 998 1506 borgoniensis,
1024 1428 1130 1488 Petrus
1147 1428 1298 1506 Bodinus,
1316 1428 1504 1509 Stephanus,

199 1515 280 1576 filius
291 1516 434 1576 Andreae
445 1516 483 1577 de
500 1515 530 1577 S.
541 1516 687 1593 Galterio,
699 1516 895 1594 Ambrosius,
907 1515 1054 1578 Giraldus
1070 1516 1196 1592 Forner,
1208 1516 1354 1596 Orgerius
1365 1519 1403 1579 de
1414 1518 1505 1579 casali

198 1604 228 1667 S.
240 1604 351 1684 Egidii,
371 1604 565 1682 Aldebertus,
576 1605 746 1667 Gaufridus
762 1605 893 1679 Bocher,
911 1604 1057 1668 Giraldus
1074 1606 1244 1683 Corvesier,
1258 1607 1415 1668 Arnaldus
1431 1627 1504 1668 curn

197 1696 300 1772 barba,
319 1693 497 1755 Willelmus
514 1695 552 1755 de
569 1695 658 1755 casali
683 1695 713 1756 S.
732 1695 857 1773 Mariae,
881 1694 1102 1776 Rampnulfns,
1121 1695 1211 1756 frater
1233 1696 1312 1757 Petri
1328 1696 1503 1777 Joppensis,

197 1781 434 1861 Constantinus,
466 1783 640 1845 Aimericus
666 1783 871 1859 Pictaviensis,
903 1785 1020 1862 Petrus,
1051 1783 1134 1845 filius
1160 1784 1303 1845 Rainaldi
1328 1786 1365 1846 de
1392 1786 1503 1864 Rarlet,

200 1872 370 1951 Arduinus,
389 1872 567 1934 Willelmus
584 1874 622 1934 de
639 1874 727 1934 casali
746 1873 776 1934 S.
793 1872 905 1952 Egidii,
928 1873 1096 1935 Umbertus
1113 1874 1322 1951 Bituriceusis,
1338 1875 1503 1954 Jordauus,

197 1961 279 2022 filius
296 1961 385 2040 Petri,
402 1961 558 2035 aurifabri,
575 1963 733 2025 lohannes
749 1964 788 2022 de
805 1963 897 2030 Cava,
916 1961 1107 2039 Vincentius,
1133 1963 1352 2041 Raembaldus,
1373 1965 1504 2025 Bernar-

198 2051 256 2112 dus
273 2070 344 2111 cum
362 2065 446 2127 testa,
465 2050 628 2127 Radulfus,
646 2052 796 2113 Girardus
813 2052 851 2112 de
872 2051 1003 2128 Belinas,
1031 2053 1137 2113 Petrus
1162 2052 1359 2130 Lemovicus,
1386 2052 1504 2114 Arnul-

198 2139 258 2216 fus,
275 2139 478 2202 Constantius
495 2141 624 2217 Bocher,
650 2141 831 2201 lambertus
848 2141 1079 2220 Borgoniensis,
1103 2141 1257 2203 Galterius
1273 2143 1503 2222 Carpentarius‚

199 2228 368 2290 Rainaldus
384 2230 422 2289 de
440 2231 548 2290 Monte
565 2229 692 2307 Albeni,
702 2230 886 2291 Lambertus
900 2229 1110 2301 Bituriceusis,
1121 2230 1261 2309 Pontius,
1274 2233 1380 2293 Petrus
1391 2231 1504 2293 Bituri-

197 2318 298 2380 censis
307 2317 458 2396 (Rozie're,
469 2338 498 2399 p.
508 2338 692 2400 242—244,
702 2321 845 2399 N0.r31;
864 2318 1170 2399 Migne,p.1222-r
1181 2339 1254 2400 223,
1266 2322 1415 2401 No.r31).
1434 2318 1504 2380 302

248 2425 337 2485 1155
354 2428 443 2488 Febr.
468 2449 475 2488 r
490 2449 514 2504 1,
539 2427 602 2487 ind.
621 2427 668 2487 lll.
694 2426 838 2487 Ascalon.
855 2460 899 2469 —
916 2427 1099 2505 Amalricus,
1117 2446 1221 2488 comes
1238 2428 1426 2503 AschiloniS,
1444 2428 1503 2489 lra-

197 2516 294 2577 tribus
311 2516 341 2577 S.
353 2516 458 2577 Lazari
469 2518 507 2578 de
517 2516 687 2577 Jerusalem
703 2535 878 2596 eorumque
896 2515 1041 2594 magistro
1052 2517 1183 2596 Hngoni
1199 2519 1237 2579 de
1254 2518 1285 2578 S.
1298 2518 1395 2579 Paulo
1405 2519 1503 2579 casale

198 2604 323 2683 Mejesie
341 2626 412 2667 cum
431 2607 458 2667 X
474 2605 637 2667 carrucatis
652 2623 748 2667 terrae
765 2621 794 2666 et
810 2606 952 2685 domum,
964 2624 1057 2684 quam
1070 2606 1185 2667 habent
1199 2606 1231 2666 in
1243 2609 1318 2667 urbe
1330 2607 1502 2686 Ascalonis,

196 2715 268 2756 cum
286 2695 377 2756 horto
394 2695 535 2756 concedit
551 2711 580 2756 et
596 2694 698 2774 sigillo
715 2694 887 2756 confirmat.
904 2728 948 2737 —
964 2695 1061 2774 Hugo
1080 2696 1118 2756 de
1135 2695 1294 2773 Hibelin0,
1318 2697 1502 2776 Balduinus,

197 2783 287 2845 frater
303 2783 379 2863 ejus,
390 2785 547 2846 Jozelinus
564 2786 602 2845 de
620 2784 799 2860 Samusach,
816 2784 987 2862 Girbertus,
998 2784 1170 2845 vicecomes
1182 2786 1375 2864 Aschalouis,
1386 2786 1504 2866 Ghid0,

196 2872 380 2935 castellanus
396 2871 546 2952 ejusdem,
564 2872 744 2950 Rainaldus,
757 2873 928 2934 vicecomes
937 2873 1112 2954 Joppensis,
1124 2875 1235 2952 Adam,
1247 2873 1408 2954 privignus
1424 2874 1502 2954 ejus,

196 2961 377 3024 Guilbertus
393 2961 602 3039 Maradaldus,
619 2964 776 3024 lohannes
788 2963 960 3040 Vaccarius,
978 2963 1121 3024 Roardus
1138 2964 1175 3024 de
1192 2964 1300 3044 Joppe,
1312 2963 1503 3026 Guillelmus

196 3054 234 3112 de
245 3052 341 3133 Tyro,
352 3053 486 3113 Carinus
502 3054 540 3113 de
558 3052 698 3123 Bolonia,
716 3053 893 3113 Rodbertus
910 3053 947 3113 de
965 3051 995 3112 S.
1007 3052 1336 3130 Karile110,Hurellus,
1349 3054 1503 3133 Rogerius

196 3140 349 3216 Galensis,
367 3142 465 3202 Fulco
482 3140 749 3219 Chataulanensis,
771 3140 941 3214 Seifredus,
957 3143 1149 3202 senescalcus
1166 3142 1296 3219 comitis,
1314 3142 1502 3223 Stephanus,

196 3230 340 3309 magister
350 3230 462 3291 castelli
473 3231 630 3310 Neapolis,
640 3230 897 3291 Bartholomaeus
908 3230 1151 3293 Suessionensis.
1170 3231 1283 3292 Datum
1301 3251 1355 3313 per
1372 3252 1502 3293 manum

195 3319 319 3381 Radnlfi
336 3319 508 3381 cancellarii
525 3319 685 3396 (Cibrario,
706 3339 736 3400 p.
756 3338 946 3399 230—231;
973 3319 1117 3398 Ferrand,
1136 3339 1165 3400 p.
1186 3340 1332 3400 24—25;
1353 3321 1504 3382 Arclrives

195 3409 233 3470 de
249 3408 383 3470 l'Orient
398 3408 473 3469 latin
491 3409 515 3469 ll
524 3410 558 3486 Β,
576 3428 606 3490 p.
629 3429 811 3489 134—135,
829 3409 889 3470 No.
913 3408 969 3488 15).
1432 3409 1503 3469 303

283 3552 302 3583 „
350 3508 437 3567 Mart.
461 3528 486 3584 r,
511 3506 575 3567 ind.
593 3506 640 3566 lll.
666 3506 794 3566 Rornae.
814 3539 855 3548 —-
872 3506 1028 3566 Adrianus
1051 3506 1091 3568 lV
1109 3525 1186 3587 papa
1210 3507 1366 3569 Gnidonis
1387 3508 1504 3569 abbatis

196 3596 338 3676 precibus
356 3595 501 3657 ecclesiae
518 3594 604 3656 vallis
613 3596 758 3676 Josaphat
775 3595 881 3656 omnia
898 3594 1056 3676 privilegia
1072 3615 1107 3656 ac
1123 3595 1293 3676 specialiter
1312 3598 1403 3675 bona,
1422 3617 1502 3677 quae

195 3685 308 3745 habent
325 3684 357 3745 in
375 3685 476 3746 Sicilia
493 3701 522 3745 et
538 3684 688 3762 Calabria,
706 3683 869 3745 confirmat
886 3684 1081 3765 (Delaborde,
1098 3704 1128 3766 p.
1141 3687 1282 3763 72-78,
1301 3686 1361 3746 No.
1382 3705 1430 3767 30,
1444 3706 1501 3766 3¹;

194 3794 222 3835 v.
242 3774 547 3853 Pflugk-Hartrung,
565 3774 622 3835 lter
639 3775 713 3851 ltal.,
737 3793 766 3854 p.
785 3775 859 3852 807,
877 3775 938 3834 No.
962 3794 1058 3854 ¹0323
1086 3794 1115 3854 p.
1136 3795 1208 3854 253,
1227 3776 1287 3836 No.
1309 3776 1386 3854 5083
1412 3775 1503 3836 Jalle'-

194 3863 387 3939 waenfeld,
405 3864 465 3924 No.
489 3883 607 3943 rooo3,
630 3862 758 3943 rooo4l.
1431 3862 1502 3924 304

134 4000 137 4011 ·
238 3964 250 4040 (
288 4005 306 4037 „
348 3963 435 4022 Mart.
456 3962 781 4038 20).-Ebulaanrat
797 3960 909 4022 Toleib
924 3962 944 4038 1)
966 3962 1090 4022 Villano
1117 3961 1350 4043 archiepiscopo
1373 3979 1402 4023 et
1425 3984 1503 4025 con·

194 4051 314 4112 sulibus
330 4051 515 4113 Pisanorum
532 4051 644 4126 scribit,
661 4071 693 4111 se
711 4050 801 4111 veziri
818 4051 923 4111 locum
940 4052 1088 4131 adeptum
1103 4052 1186 4112 Abes
1203 4049 1332 4131 ejusque
1349 4051 1449 4113 filiurn
1466 4073 1502 4114 ac

194 4140 295 4201 socios
307 4140 458 4219 fugavisse
475 4159 510 4201 ac
526 4160 599 4222 pace
610 4156 639 4201 et
649 4139 781 4201 amicitia
793 4139 910 4200 firmata
922 4140 987 4200 Vlll
998 4140 1125 4201 Pisanos
1134 4140 1247 4200 scilicet
1256 4141 1389 4218 Bellum,
1400 4141 1503 4203 filium

194 4230 346 4307 Andreae,
358 4229 525 4306 Villanum,
536 4229 635 4291 filium
648 4230 737 4307 Petri,
750 4229 959 4307 Manfredum,
978 4229 1077 4290 lilium
1094 4229 1217 4306 Leonis,
1227 4228 1390 4305 Obertum,
1401 4230 1503 4293 filium

195 4319 329 4396 Martini,
343 4320 545 4394 Manhaenm,
557 4319 657 4380 lilium
674 4319 841 4397 Benedicti,
853 4318 972 4396 Geoan,
989 4317 1088 4379 lilium
1106 4319 1274 4396 Dominici,
1292 4318 1501 4398 Giordanum,

193 4407 293 4469 lilium
319 4409 424 4484 Ponzi,
450 4408 592 4487 Carofol,
617 4408 716 4469 filium
741 4408 952 4468 Heldebrandi
976 4429 992 4468 e
1016 4427 1134 4469 carcere
1157 4408 1346 4484 liberavisse,
1370 4426 1404 4470 ut
1428 4430 1501 4470 cum

192 4498 293 4579 legato
317 4498 448 4558 domum
474 4498 609 4559 redirent
632 4497 758 4574 (Amari,
782 4497 941 4576 ldiplomi
957 4497 1050 4576 arabi,
1075 4517 1104 4577 p.
1125 4517 1308 4576 250—251,
1334 4499 1394 4559 No.
1412 4518 1434 4576 4
1452 4497 1500 4578 [cf.

193 4607 223 4668 p.
235 4584 441 4667 455—457];
460 4587 558 4663 Lami,
572 4587 666 4647 Delic.
679 4585 790 4647 erudit.
801 4586 835 4662 V,
846 4605 876 4666 p.
891 4605 924 4647 21
940 4606 1081 4666 1—2143
1100 4588 1136 4647 cf.
1149 4587 1239 4668 Heyd
1251 4587 1273 4664 l,
1285 4606 1315 4668 p.
1329 4586 1412 4668 394).
1431 4586 1502 4648 305

270 4691 290 4756 ¹)
304 4687 390 4743 Abu'l
403 4687 511 4742 Gharat
525 4688 610 4742 Tala'l
624 4686 674 4742 ibn
686 4687 819 4757 Ruzzaik,
837 4688 946 4758 dequo
961 4687 1107 4756 Rbhricht,
1118 4687 1265 4743 Amalrich
1278 4688 1297 4757 l,
1310 4705 1337 4760 p.
1349 4688 1503 4763 437-438.

283 4828 301 4860 „
347 4784 419 4845 Jun.
433 4802 484 4860 27,
502 4783 566 4844 ind.
578 4783 625 4844 lll.
642 4783 879 4864 Hierosolymis.
897 4817 941 4826 -
956 4783 1130 4845 Balduinus
1147 4784 1194 4860 lll,
1212 4803 1264 4844 rex
1273 4783 1502 4865 Hierosolymi-

193 4889 294 4952 tanus,
306 4892 462 4935 consensu
474 4872 647 4934 Miliseudis
663 4872 787 4952 reginae
798 4887 827 4933 et
837 4872 940 4933 matris
952 4873 1229 4935 commutationem
1239 4892 1332 4954 supra
1343 4873 1414 4952 (No.
1428 4873 1501 4953 200)
