3398 5400
670 356 750 429 regni
763 356 1024 432 Hierosolymitani.
1439 367 1494 426 181

237 576 267 655 (l
278 576 356 655 188)
373 579 455 660 Sept.
475 599 525 640 20.
546 579 632 661 Tyri.
650 615 693 622 -
704 580 880 659 Conradus,
891 579 973 641 filius
984 579 1171 641 marchionis
1182 580 1220 640 de
1232 581 1338 641 Monte
1350 580 1373 640 F
1376 580 1500 658 errario,

194 666 839 749 (Balduino),archiepiscopoCantuarensi,
849 672 867 745 ¹)
879 669 1102 730 desolationem
1109 669 1223 730 Terrae
1234 669 1362 730 Sanctae
1374 670 1501 750 exponit

193 772 223 817 et
238 757 440 838 conqueritur
456 758 494 819 de
511 757 659 821 Guidone
685 759 867 839 «quondam
890 779 993 837 rege»,
1018 758 1165 837 magistro
1188 758 1324 839 Templi,
1342 759 1396 839 qui
1420 758 1500 820 elee-

194 865 359 928 mosynam
375 847 455 927 regis
472 846 603 926 Angliae
615 848 637 925 ²)
655 849 710 908 sibi
727 849 876 909 subtraxit
892 864 920 908 11
937 848 1109 908 cismarinis
1133 848 1327 926 magnatibus
1347 847 1405 908 sibi
1422 847 1500 908 invi-

193 935 350 1014 dentibus,
377 936 479 998 laudat
503 956 577 997 vero
604 936 708 998 fratres
733 937 919 1019 Hospitalis,
945 938 1000 1017 qui
1027 937 1104 998 ultra
1131 937 1243 998 dictam
1269 938 1501 1019 eleemosynam

193 1025 361 1106 plusquam
371 1025 436 1086 Vlll
448 1025 542 1086 millia
554 1027 809 1087 brabantinorum
827 1027 859 1087 in
877 1027 1030 1106 obsequio
1040 1026 1117 1108 Tyri
1128 1026 1352 1107 expenderunt,
1363 1027 1501 1107 deniquo

193 1114 353 1195 supplicat,
377 1130 410 1176 ut
427 1135 514 1194 reges
530 1130 560 1176 et
577 1115 712 1196 populos
728 1115 911 1177 christianos
934 1117 972 1177 ad
996 1117 1186 1177 liberandam
1204 1115 1333 1176 Terram
1357 1116 1501 1177 Sanctam

194 1203 313 1280 excitet,
329 1203 442 1265 latores
458 1205 604 1285 epistolae
615 1206 797 1285 magistrum
808 1206 1005 1284 Bandanum,
1017 1205 1233 1266 cancellarium
1250 1221 1279 1266 et
1294 1205 1502 1282 secretarium,

193 1311 318 1354 necnon
334 1293 508 1355 lohannem
526 1294 654 1355 militem
673 1296 898 1356 commendans
915 1294 1078 1371 (Radulfus
1095 1295 1133 1356 de
1144 1295 1253 1354 Diceto
1264 1294 1297 1371 ll,
1310 1314 1339 1375 p.
1353 1295 1500 1370 60—623

194 1382 274 1461 Rog.
293 1383 330 1443 de
346 1383 540 1444 Wendower
550 1384 597 1444 ed.
609 1384 695 1445 Coxe
713 1384 746 1461 ll,
765 1386 991 1466 p.436⁴437,
1009 1385 1056 1446 ed.
1076 1382 1209 1444 Hewlett
1226 1384 1246 1459 Ι,
1264 1403 1294 1464 p.
1312 1403 1500 1463 153—1543

195 1471 368 1533 Matthaeus
385 1472 468 1533 Paris
481 1472 515 1549 ll,
526 1493 555 1553 p.
567 1474 742 1553 338—339;
755 1475 907 1534 Baronius
922 1495 930 1534 1
945 1476 1014 1550 187,
1026 1475 1087 1535 Νο.
1098 1475 1131 1547 8;
1143 1472 1501 1551 Nakielski‚Miechovia,

194 1580 224 1641 p.
243 1562 300 1634 76;
319 1561 414 1638 Paoli‚
432 1562 549 1623 Codice
567 1563 587 1639 Ι,
606 1582 635 1643 p.
650 1580 840 1643 314—315;
859 1563 1031 1641 Schiavina,
1051 1563 1164 1623 Annal.
1176 1562 1340 1623 Alexandr.
1361 1563 1393 1623 in
1411 1564 1501 1623 Mon.

194 1649 299 1711 histor.
318 1650 433 1711 Patriae
450 1651 503 1712 SS.
522 1651 572 1729 IV,
591 1672 620 1732 p.
639 1653 699 1732 65;
724 1652 761 1713 cf.
781 1651 865 1731 llgen
883 1673 935 1731 91,
953 1653 1001 1713 ed.
1019 1652 1140 1734 Cipolla
1158 1653 1220 1730 87).
1432 1648 1502 1710 676

269 1755 288 1820 ¹)
308 1752 459 1807 Praeterea
482 1753 634 1807 Conradus
657 1767 757 1808 noster
780 1753 916 1824 epistolas
940 1752 1015 1808 misit
1038 1754 1074 1806 ad
1096 1750 1270 1807 Fridericum
1293 1752 1313 1821 l,
1338 1751 1501 1833 Philippum

194 1824 367 1948 Augustum,
375 1841 474 1895 regem
482 1823 626 1892 Franciae,
636 1825 817 1890 Richardum,
827 1842 924 1897 regem
933 1824 1061 1895 Angliae,
1071 1824 1264 1894 Guillelmum,
1275 1840 1372 1894 regem
1381 1823 1502 1889 Siciliae,

195 1895 231 1948 ad
268 1893 415 1949 isanorum
434 1908 462 1950 et
482 1895 667 1951 Januensium
688 1909 862 1967 potestatem
882 1897 1065 1965 (Ottobonus
1085 1897 1113 1950 in
1132 1897 1212 1951 Mon.
1227 1896 1323 1950 Germ.
1338 1895 1388 1950 SS.
1403 1895 1502 1962 XVlll,

194 1984 221 2037 p.
238 1971 306 2036 102),
320 1966 389 2021 etin
403 1966 510 2021 Chron.
524 1966 601 2039 regia
616 1967 720 2023 Colon.
736 1969 779 2023 ed.
790 1968 883 2022 Waitz
902 1986 944 2037 ¹4¹
963 1967 1090 2039 epitome
1104 1967 1241 2039 epistolae
1256 1967 1341 2034 (Nov.
1352 1967 1422 2021 Dec.
1437 1966 1502 2021 1188

195 2038 232 2091 ad
246 2036 420 2093 Fridericum
433 2039 444 2092 Ι
457 2038 591 2110 scriptae)
605 2051 774 2107 asservatur,
805 2057 841 2093 ua
855 2038 1042 2111 conqueritur
1056 2040 1091 2094 de
1105 2056 1172 2109 rege
1183 2038 1317 2093 Guidonc
1329 2037 1501 2110 quibusdum

194 2108 315 2163 castellis
336 2109 471 2165 Saladino
493 2110 610 2165 redditis
629 2111 760 2180 liberat0,
781 2058 816 2165 de
837 2110 979 2182 Philippo,
999 2110 1105 2165 comite
1125 2109 1299 2179 Flandrensi,
1320 2123 1347 2164 et
1368 2109 1501 2164 fratribus

194 2179 318 2251 Templi,
336 2180 384 2251 qui
402 2180 534 2237 invidiosi
554 2181 648 2262 ipsum
666 2182 694 2236 in
708 2182 803 2237 multis
825 2196 976 2252 gravarent
996 2182 1059 2254 plus
1080 2200 1167 2253 quam
1189 2180 1323 2236 Saraceni
1344 2193 1372 2237 et
1392 2180 1502 2252 argenti

194 2253 320 2323 pondus,
334 2254 414 2324 quod
427 2270 475 2308 rex
489 2253 609 2325 Anglrae
623 2254 659 2308 ad
673 2253 832 2308 subsidium
846 2254 954 2308 Terrae
967 2254 1091 2311 Sanctae
1106 2253 1231 2323 miserat,
1245 2251 1419 2324 diripuerint.

196 2324 217 2392 ¹)
237 2322 285 2394 qui
300 2324 486 2395 «praecipuus
507 2337 598 2379 terrae
619 2325 797 2379 Palaestinae
815 2338 977 2380 sustentor»
993 2339 1112 2381 vocatus
1127 2338 1179 2395 est,
1193 2343 1283 2406 quum
1297 2323 1376 2378 annis
1395 2324 1459 2378 1182
1474 2336 1502 2378 et

199 2395 266 2464 1184
277 2394 401 2450 multum
415 2395 554 2467 pecuniae
567 2395 595 2451 in
610 2395 770 2451 subsidium
783 2397 891 2452 Terrae
905 2397 1028 2453 Sanctae
1042 2396 1228 2468 assignaverit
1241 2397 1378 2464 (Eracles,
1391 2412 1417 2466 p.
1431 2397 1501 2464 46-

193 2481 244 2538 473
257 2465 395 2521 Robrichr
409 2466 436 2522 in
450 2466 520 2522 Hist.
534 2467 671 2522 Zeitschr.
685 2469 729 2523 ed.
739 2487 765 2522 v.
776 2468 866 2540 Sybel
884 2468 957 2541 1875,
971 2469 1099 2539 XXXIV,
1112 2487 1139 2540 p.
1158 2486 1196 2529 11,
1210 2468 1277 2522 Not.
1292 2475 1328 2534 2).

288 2607 306 2638 ‚,
353 2561 463 2624 Octob.
476 2565 505 2624 6.
524 2563 801 2645 (Hierosolymis?).
818 2596 863 2606 -
879 2564 1087 2645 Raymundus
1104 2562 1317 2642 Berengarius,
1326 2563 1344 2638 ¹)
1362 2562 1503 2642 provisor

195 2650 373 2731 Hospitalis,
397 2652 557 2713 sororibus
581 2653 618 2713 de
642 2652 753 2713 Sixena
777 2653 916 2731 regulam
939 2652 1042 2732 sigillo
1059 2651 1230 2713 confirmat.
1247 2685 1291 2694 —
1307 2651 1502 2728 Verrellus,¹)

194 2756 375 2821 praeceptor
389 2741 701 2823 Hierosolymitanus,
715 2741 964 2821 Archimbaldus,
981 2757 1160 2823 praeceptor
1176 2740 1345 2823 Hospitalis
1363 2740 1394 2800 in
1412 2739 1503 2818 ltalia,

193 2829 400 2910 Arlabandus,
407 2831 428 2907 ³)
440 2849 619 2913 praeceptor
629 2830 797 2911 Hospitalis
809 2831 984 2908 Armeniae,
996 2831 1147 2891 Martinus
1158 2830 1182 2907 ⁴)
1196 2830 1398 2912 praepositus,
1411 2830 1503 2890 Lam-

197 2920 301 2980 bertus
317 2920 530 2997 marescalcus,
547 2920 683 2981 Jofridus
700 2920 738 2981 de
755 2920 908 2981 Andabila
925 2920 1019 2996 (Paoli
1037 2919 1057 2995 Ι,
1075 2939 1104 3000 p.
1124 2938 1203 3000 312;
1222 2919 1315 2980 Bosio
1333 2919 1353 2998 Ι,
1372 2939 1401 3000 p.
1422 2921 1501 2998 3873

195 3007 233 3069 cf.
251 3008 402 3087 Herquet,
427 3009 653 3089 Chronologie,
679 3029 709 3090 p.
729 3010 891 3088 20—25).
908 3004 917 3091 ))
939 3009 1009 3070 Hoc
1032 3009 1227 3090 privilegium
1252 3009 1448 3071 Coelestinus
1466 3007 1503 3067 ΙΙΙ

196 3097 224 3178 (3
243 3098 314 3158 Jun.
339 3099 430 3178 1193)
447 3098 611 3159 confirmat
627 3098 923 3176 (Jaffe-waenfeld,
940 3100 1000 3160 No.
1025 3101 1152 3178 ¹70¹3)
1432 3094 1501 3156 677

271 3201 291 3266 ¹)
310 3201 375 3254 Hoc
387 3216 498 3255 nomen
512 3217 609 3254 errore
630 3199 739 3255 scribae
760 3212 892 3255 exortum
907 3217 970 3255 esse
984 3216 1017 3254 ex
1033 3200 1092 3253 «Fr.
1107 3199 1356 3272 Hermengerius»,
1371 3198 1504 3270 exposuit

195 3271 334 3340 Herquet,
346 3289 373 3343 p.
388 3290 429 3341 ²4·
514 3275 535 3340 ¹)
555 3271 647 3326 Alias:
663 3271 802 3326 Borellus.
891 3276 914 3339 ⁸)
933 3271 1025 3326 Alias:
1039 3272 1211 3341 Arlebodus,
1224 3271 1303 3342 prior
1315 3269 1502 3326 Alemanniae

195 3342 346 3413 (Herquet,
359 3360 386 3414 p.
402 3347 455 3411 22).
548 3346 571 3411 ⁴)
592 3344 767 3414 Praeceptor
780 3343 947 3398 Bohemiae.

239 3437 251 3514 (
289 3482 309 3514 ‚,
348 3437 1503 3519 Nov.).—Hermenger,Hospitalisprovisor,¹)Leopoldo‚duciAustriae

196 3526 327 3606 nuntiat,
338 3527 519 3589 Saladinum
530 3528 696 3589 Tortosam
713 3527 829 3609 cepisse
847 3544 876 3588 et
893 3544 1016 3608 excepta
1033 3527 1108 3588 turri
1119 3527 1371 3608 Templariorum
1383 3529 1504 3590 destru-

195 3615 284 3693 xisse,
302 3617 413 3697 pariter
429 3617 600 3695 Valeniam,
618 3617 787 3694 Gabulum,
812 3617 1007 3696 Laodiceam,
1026 3617 1172 3693 Saonam,
1190 3617 1340 3695 Gordam,
1357 3618 1501 3696 Caveam,

196 3705 376 3783 Rochefort,
387 3707 550 3787 Tarpasac,
562 3707 681 3768 Gaston
693 3726 896 3788 expugnasse,
910 3707 1084 3784 Margatum
1099 3724 1127 3767 et
1138 3707 1337 3768 Antiochiam
1354 3706 1386 3767 in
1403 3707 1503 3768 mani-

196 3797 254 3856 bus
270 3795 509 3857 christianorum
527 3796 629 3857 adhuc
646 3816 721 3874 esse,
746 3797 893 3857 Cractum
909 3815 983 3856 vero
1000 3812 1029 3856 et
1046 3796 1187 3856 Montem
1204 3796 1352 3875 Regalem
1369 3816 1401 3857 se
1418 3795 1503 3857 Sala-

196 3884 273 3945 dino
290 3885 420 3963 dedisse,
439 3886 476 3946 de
494 3885 609 3967 Saphet
624 3885 749 3966 Templi
766 3905 800 3946 ac
818 3883 980 3947 Videbello
997 3885 1165 3965 Hospitalis
1182 3885 1261 3946 nihil
1276 3886 1346 3946 sciri
1363 3885 1401 3959 (v.
1419 3885 1502 3947 Hor-

196 3992 293 4054 mayr,
311 3974 427 4035 Archiv
450 3976 541 4054 1825,
558 3995 588 4055 p.
625 3994 681 4049 ²03
703 3976 846 4052 Ansbert,
863 3994 892 4055 p.
913 3993 1014 4054 3-43
1040 3974 1077 4035 cf.
1095 3995 1123 4035 v.
1142 3974 1271 4052 Meiller,
1289 3976 1504 4053 Babenberger

196 4063 362 4141 Regesten,
380 4083 410 4145 p.
430 4065 482 4141 66,
500 4065 560 4125 No.
579 4083 638 4143 41;
664 4064 818 4142 Gorgens,
836 4066 927 4125 Arab.
945 4063 1169 4138 Quellenbeitr.
1188 4064 1209 4142 l,
1227 4084 1257 4145 p.
1275 4086 1283 4125 1
1298 4084 1344 4125 ro.
1362 4063 1503 4145 Herquet

196 4152 358 4233 epistolam
382 4168 519 4214 nostram
540 4154 715 4232 germanice
731 4154 821 4214 vertit
837 4170 867 4214 et
887 4153 969 4214 notis
985 4151 1145 4214 illustravit
1162 4152 1194 4214 in
1212 4153 1433 4215 Wochenblatt
1449 4154 1504 4214 der

195 4241 623 4324 lohanniter-Ordensballey
640 4243 865 4322 Brandenburg
886 4244 976 4322 1879,
993 4244 1053 4303 No.
1072 4242 1134 4321 49).
1432 4240 1503 4302 678

273 4343 293 4410 ¹)
312 4343 355 4396 De
369 4360 428 4414 quo
443 4344 581 4415 Herquet,
595 4340 802 4413 Chronologie,
816 4360 842 4413 p.
857 4359 942 4411 24—2
946 4359 970 4412 5.

291 4481 309 4513 ,‚
357 4439 436 4499 Nov.
458 4437 582 4499 Riualti.
600 4473 644 4481 -
660 4443 784 4500 Aureus
801 4439 1035 4519 Mastropetrus,
1047 4437 1109 4497 dux
1120 4438 1325 4518 Venetorum,
1343 4455 1376 4498 ut
1393 4457 1504 4499 omnes

196 4527 307 4588 Veneti
325 4527 363 4587 ad
380 4543 503 4608 tempus
520 4528 652 4589 Paschae
669 4528 742 4589 anni
760 4527 893 4609 proximi
910 4527 1054 4588 Venetias
1074 4545 1139 4587 sese
1156 4526 1304 4608 recipiant
1320 4528 1359 4588 ad
1376 4547 1504 4608 recupe-

196 4616 461 4783 pqandainerram
471 4616 613 4678 Sanctam
622 4638 654 4679 se
663 4617 838 4696 accincturi,
848 4618 973 4678 mandat
981 4616 1235 4693 (Tal'el-Thomas
1244 4616 1278 4695 ll,
1288 4618 1504 4765 pam—2626„

229 4727 258 4768 o.
281 4727 342 4787 73.

260 4812 351 4873 1189
367 4815 475 4896 April,
500 4814 564 4876 ind.
585 4814 646 4874 Vll.
671 4813 757 4896 Tyri.
775 4847 819 4859 -
834 4814 1063 4875 Bohemundus
1080 4813 1126 4893 ΙΙΙ,
1151 4814 1293 4896 princeps
1310 4814 1503 4891 Antiochiae,

196 4923 354 4968 consensu
371 4904 476 4965 uxoris
486 4904 619 4985 Sibyllae
630 4920 660 4965 et
671 4903 725 4965 filii
737 4903 908 4965 Raimundi
918 4902 1135 4983 Januensibus,
1147 4905 1232 4985 quod
1243 4905 1281 4965 ad
1293 4904 1501 4965 necessitatem
