3398 5400
585 326 664 399 regni
681 325 941 400 Hierosolymitani.
1370 329 1409 410 55

108 561 146 620 ab
163 561 239 621 urbe
256 560 318 621 itur
333 559 371 620 ad
388 559 495 622 Casale
512 558 618 619 album
636 557 803 635 camerarii,
825 560 862 617 ab
879 556 971 617 altera
987 576 1061 617 vero
1078 571 1160 636 parte
1178 554 1325 616 dividitur
1341 572 1413 615 cum

108 665 187 710 terra
198 649 313 710 Casalis
330 650 401 726 albi,
418 669 435 708 a
451 649 587 709 secunda
604 666 677 709 cum
694 647 827 708 Disdero
844 646 917 723 (sic),
934 667 951 706 a
968 646 1054 707 tertia
1069 664 1142 705 cum
1159 643 1307 705 Surianis.
1323 644 1414 705 Prae-

108 754 189 799 terea
206 738 398 819 emptionem
414 741 452 798 ab
469 739 580 799 eodem
597 737 779 797 Raimundo
800 736 947 814 magistro
966 734 1076 796 factam
1099 736 1137 794 de
1160 734 1258 795 domo
1275 733 1413 811 Roberti,

108 827 298 889 vicecomitis
315 828 505 888 Accouensis
522 825 621 904 (cujus
637 826 775 887 venditio
792 845 828 886 ex
844 825 1045 885 concessione
1062 823 1202 904 Agnetis,
1219 823 1324 884 uxoris
1341 842 1414 883 suae

109 933 139 977 et
155 916 270 994 matris,
280 916 416 995 legitime
428 916 504 978 facta
515 916 571 977 fuit
580 936 636 997 per
646 933 776 976 manum
787 913 1003 990 clarembaldi,
1015 912 1203 974 vicecomitis
1214 910 1414 988 Accouensis)

109 1025 181 1066 cum
199 1023 280 1066 turre
298 1006 407 1067 domui
423 1005 579 1084 adjacente
597 1021 625 1065 et
641 1003 842 1086 appendiciis,
858 1018 955 1064 ratam
966 1023 1031 1063 esse
1042 1000 1183 1063 declarat.
1200 1001 1321 1062 Deinde
1339 1019 1415 1061 con-

110 1095 200 1172 cedit,
228 1112 260 1156 ut
276 1095 373 1156 casale
391 1101 510 1173 Assera,
537 1095 624 1176 quod
650 1095 749 1154 dictus
776 1093 973 1154 Raimuudus
996 1094 1033 1152 ab
1049 1092 1202 1168 Johanne,
1229 1091 1361 1152 domino
1378 1090 1416 1150 de

110 1185 254 1261 Bethsan,
279 1185 411 1265 exceptis
434 1184 565 1259 rusticis,
589 1203 661 1244 cum
685 1183 877 1264 pertinentiis
894 1198 1017 1258 emerat,
1042 1181 1143 1241 eidem
1163 1179 1317 1261 Hospitali
1333 1179 1371 1239 sit
1387 1193 1417 1239 et

110 1291 242 1334 maneat.
268 1274 396 1334 Factum
412 1273 557 1335 Balduini
575 1274 612 1333 lll
628 1273 708 1351 regis
724 1292 809 1332 anno
821 1272 857 1333 V.
874 1304 917 1314 —-
934 1271 1041 1332 Testes
1057 1270 1252 1331 cambitiouis
1269 1269 1301 1329 in
1318 1268 1417 1350 prima

110 1363 212 1424 charta
228 1378 432 1424 memoratae:
458 1361 611 1425 Geraldus
627 1364 665 1423 de
682 1360 833 1438 Valentia,
857 1359 947 1439 cujus
971 1378 1067 1420 manu
1090 1358 1234 1420 cambitio
1260 1358 1334 1419 facta
1360 1357 1417 1419 fuit

110 1453 221 1514 diebus
245 1453 477 1513 vicecomitatus
501 1452 560 1529 sui,
586 1451 755 1513 Menardus
772 1453 810 1511 de
827 1452 932 1527 Portu,
958 1450 1130 1510 Deauratus
1155 1466 1183 1510 et
1206 1447 1273 1524 alii;
1299 1446 1417 1527 emptio

109 1562 184 1603 vero
196 1541 301 1602 casalis
311 1547 421 1602 Assera
431 1544 469 1602 ab
479 1543 620 1603 Johanne
637 1541 675 1601 de
692 1541 825 1601 bethsan
843 1539 919 1600 facta
935 1555 980 1600 est
996 1538 1141 1600 testibus:
1159 1538 1267 1617 Ysaac,
1278 1537 1417 1618 dapifero

110 1630 210 1711 regiae
234 1631 347 1710 curiae,
371 1632 519 1710 Hugone,
544 1631 700 1691 avunculo
725 1629 796 1690 dicti
821 1629 982 1708 Johanuis,
1006 1628 1130 1689 Thoma
1155 1625 1285 1707 ejusque
1311 1645 1416 1704 uxore,

111 1720 271 1782 Gualterio
288 1721 326 1780 de
343 1721 491 1782 Caesarea
508 1718 637 1800 ejusque
654 1719 718 1780 filio
735 1719 912 1796 Eustachio,
939 1737 1077 1798 quorum
1095 1716 1178 1778 istud
1196 1716 1326 1778 feudum
1343 1729 1417 1794 erat,

111 1809 247 1871 Oddone
264 1809 416 1871 Strabone
433 1809 528 1885 (Paoli
544 1809 565 1888 l,
584 1829 613 1890 p.
633 1810 773 1887 28-29,
791 1807 850 1869 No.
872 1810 929 1881 26;
955 1807 993 1868 cf.
1011 1826 1040 1887 p.
1059 1807 1256 1886 486-487).
1347 1802 1418 1864 256

160 1929 250 1990 1150
267 1930 339 2008 Maj.
359 1952 409 2011 24,
433 1931 499 1993 lun.
518 1932 626 1994 XXIV.
643 1965 687 1976 —-
707 1932 874 1992 Rotbertus
893 1932 931 1991 de
956 1931 1044 1990 casali
1070 1930 1100 1992 S.
1118 1929 1220 2009 Egidii
1244 1927 1417 2008 confirmat,

109 2040 142 2080 se
159 2040 232 2081 cum
248 2041 344 2080 uxore
356 2021 459 2082 Odula
476 2021 586 2082 domui
596 2021 765 2101 Hospitalis
782 2041 836 2101 per
849 2039 980 2081 manum
996 2019 1166 2080 Raimundi
1183 2018 1318 2098 magistri
1342 2036 1419 2078 con-

111 2129 206 2171 sensu
227 2110 342 2171 Roardi
367 2108 496 2190 ejusque
520 2111 625 2171 uxoris
648 2110 757 2187 Gillae,
784 2112 822 2170 de
839 2110 954 2189 quibus
979 2109 1111 2170 feudum
1135 2110 1266 2186 tenebat,
1293 2127 1419 2168 necnon

112 2199 259 2260 Fulconis
275 2199 366 2278 regis,
384 2200 564 2261 Meliseudis
580 2199 703 2280 reginae
720 2214 750 2260 et
760 2198 912 2260 Willelmi
929 2199 1116 2280 patriarchae
1134 2198 1323 2277 quibusdam
1343 2217 1419 2258 con-

111 2288 285 2350 ditionibus
301 2304 413 2349 terram
429 2290 512 2370 apud
529 2290 644 2350 Emaus
660 2289 830 2350 tradidisse.
846 2321 891 2331 -
906 2288 1061 2350 Galterius
1084 2287 1317 2366 Maledoctus,¹l
1342 2287 1419 2347 Rot-

111 2380 217 2438 bertus
227 2379 265 2438 de
277 2378 455 2456 Frandolio,
467 2379 653 2459 Radulphus
668 2379 699 2440 lo
710 2380 818 2454 Rome,
829 2378 965 2438 Pesellus
982 2378 1019 2438 de
1036 2378 1126 2437 casali
1143 2377 1173 2438 S.
1183 2376 1294 2455 Egidii,
1313 2376 1420 2454 Dudo,

112 2465 179 2546 ejus
195 2466 287 2545 filius,
314 2467 481 2529 Godardus
498 2469 536 2528 de
553 2469 704 2545 ssuslus,²)
728 2467 912 2548 Gybelinus,
936 2466 1019 2527 lilius
1041 2467 1215 2547 Esquetini,
1240 2466 1418 2542 Rotbertus,

112 2575 212 2637 nepos
228 2556 447 2634 Bartolomaei,
467 2558 626 2619 lohannes
642 2558 680 2618 de
696 2558 827 2636 Bolona,
852 2557 950 2617 Fulco
967 2558 1005 2617 de
1022 2557 1194 2633 Cremerm,
1218 2555 1370 2616 Radulfus
1386 2553 1420 2615 lo

112 2647 184 2723 Bos,
206 2645 279 2706 Odo
298 2648 336 2707 de
353 2647 465 2724 Mozel,
490 2648 648 2727 Angelrau
665 2647 702 2707 de
719 2648 850 2723 Boloua,
875 2645 1046 2706 Baldoinus
1061 2646 1093 2706 lo
1110 2645 1229 2725 Bufles,
1253 2643 1418 2723 Galterius,

112 2733 364 2816 filiusYngonis;
382 2737 420 2796 de
431 2736 574 2797 fratribus
585 2735 768 2817 Hospitalis:
784 2735 988 2814 Berengarius
999 2750 1188 2816 praeceptor,
1199 2735 1308 2794 Petrus
1318 2734 1419 2811 Wun,

112 2825 253 2885 Andreas
270 2826 308 2885 de
325 2825 464 2903 Venetia,
483 2826 664 2899 Nicholaus,
686 2826 863 2906 Stephanus
879 2823 944 2904 (qui
961 2842 1072 2885 omnes
1088 2838 1216 2904 excepto
1232 2823 1420 2903 Berengario

112 2915 286 2975 sacerdotes
301 2915 396 2992 suut),
414 2915 614 2992 AmoraniuS,
638 2915 837 2975 Raimuudus
853 2914 1071 2991 thesaurarius,
1089 2914 1245 2974 Robertns
1261 2913 1419 2994 pincerna,

113 3003 254 3080 Enricus,
266 3003 419 3065 Geraldus
430 3006 467 3064 de
478 3005 618 3065 Camera.
628 3002 806 3082 Wilelmus,
819 3003 958 3064 notarius
968 3003 1089 3084 scripsit
1099 3002 1256 3078 (Delaville
1267 3003 1295 3063 le
1306 3000 1420 3079 Roulx,

113 3112 144 3173 p.
157 3094 298 3172 85—80,
316 3094 376 3154 No.
393 3114 424 3153 tt
447 3091 495 3172 [cf.
512 3114 542 3174 p.
558 3091 622 3173 15];
641 3093 742 3173 Pruta,
754 3113 784 3174 p.
795 3113 847 3171 92,
866 3093 926 3153 Νο.
942 3093 998 3169 ιο).
1016 3092 1064 3155 Cf.
1082 3112 1175 3173 supra
1186 3091 1246 3153 Nn.
1260 3111 1333 3172 244.
1350 3087 1419 3149 257

189 3204 209 3269 ¹)
228 3201 305 3257 Alias
319 3202 452 3272 Malduiz,
465 3203 609 3273 Maldunz,
623 3203 761 3258 Malduth.
837 3207 859 3273 9)
878 3202 955 3257 Alias
968 3200 1079 3256 anles.

197 3361 215 3391 ‚,
261 3316 332 3378 Jun.
344 3335 393 3393 22,
410 3315 558 3376 indlllll.
575 3322 693 3377 Accon.
705 3315 959 3377 —Baldewinus
976 3315 1020 3393 lll,
1038 3335 1090 3376 rex
1108 3315 1422 3397 Hierosolymitanus,

116 3403 257 3466 fratribus
280 3404 310 3465 S.
328 3405 434 3465 Lazari
457 3422 539 3465 extra
562 3425 670 3467 muros
693 3405 996 3487 Hierosolymitanos
1021 3404 1084 3465 Xlll
1108 3424 1247 3466 carrucas
1266 3405 1374 3466 vineae
1390 3404 1423 3466 in

116 3492 216 3574 planis
239 3494 397 3554 bethleem
420 3494 490 3554 sitas
516 3510 544 3554 et
560 3515 577 3555 a
595 3495 782 3574 Melengano
806 3495 886 3576 Syro
910 3495 1018 3575 regulo
1043 3494 1104 3555 ML
1127 3493 1264 3555 bisantiis
1287 3511 1316 3555 et
1339 3514 1423 3574 equo

117 3600 212 3644 emtas
228 3582 330 3664 sigillo
348 3583 518 3644 confirmat.
538 3619 579 3626 -
596 3585 781 3664 Rladnlfns),
791 3584 868 3666 Tyri
884 3585 1008 3662 electus,
1025 3585 1136 3663 Adam,
1147 3584 1227 3666 regis
1237 3584 1424 3664 capellanus

116 3673 212 3754 Hugo
229 3673 267 3734 de
284 3674 427 3750 Bethsan,
445 3673 534 3733 frater
543 3674 678 3755 Templi,
695 3673 1073 3755 SymonTyberiadensis,
1089 3673 1424 3752 Clerembaldus,vice-

116 3782 223 3824 comes
249 3762 449 3842 Acconeusis,
467 3763 646 3824 Willelmus
669 3764 708 3824 de
731 3765 831 3841 Barsa,
854 3764 1052 3841 Guillelmus,
1077 3763 1313 3824 elemosinarius
1336 3762 1425 3845 regis,

117 3853 214 3934 Hugo
226 3853 263 3913 de
274 3853 402 3931 Aulans,
412 3853 501 3913 frater
512 3853 633 3913 domini
644 3853 736 3930 illius,
746 3853 795 3913 cni
807 3853 867 3913 hoc
878 3853 1074 3933 privilegium
1085 3854 1192 3914 datum
1203 3869 1257 3914 est.
1269 3853 1425 3934 Scriptum

117 3961 172 4023 per
188 3960 317 4003 manum
343 3942 489 4020 Danielis,
515 3942 616 4002 clerici
640 3943 728 4021 regis,
752 3942 850 4002 fratris
875 3941 1016 4002 Salientis
1033 3943 1066 4003 in
1082 3944 1209 4004 Bonum
1233 3942 1380 4022 Hugonis
1396 3957 1425 4001 et

117 4030 232 4092 factum
249 4031 404 4092 Fulcherii
422 4031 642 4112 patriarchatus
658 4050 743 4092 anuo
759 4031 799 4093 lV
816 4030 977 4110 (Cibrari0,
995 4051 1024 4112 p.
1038 4051 1118 4107 2273
1136 4032 1282 4111 Ferraud,
1299 4051 1327 4112 p.
1345 4051 1426 4109 19-

120 4139 176 4193 203
202 4120 351 4181 Archives
368 4121 405 4181 de
422 4120 553 4181 l'Orient
569 4121 644 4181 latin
661 4121 684 4180 ll
693 4122 726 4200 B,
743 4141 773 4201 p.
797 4121 865 4198 128,
882 4121 947 4181 No.
962 4120 1002 4198 7).
1354 4117 1426 4178 258

201 4288 219 4321 ,‚
266 4260 337 4326 post
358 4245 429 4305 lun.
450 4264 499 4324 22,
525 4245 590 4305 ind.
617 4245 691 4305 Xlll.
717 4278 761 4288 —
787 4245 977 4325 Mileseudis,
1003 4245 1109 4325 regina
1134 4245 1426 4328 Hierosolymitaua,

119 4335 288 4395 emtionem
307 4334 489 4394 antedictam
507 4333 608 4413 sigillo
625 4334 797 4396 confirmat.
816 4369 859 4378 -
875 4335 1058 4413 Amalricus,
1069 4334 1151 4396 filius
1162 4334 1294 4416 reginae,
1305 4336 1426 4397 Rohar-

119 4425 178 4486 dus
195 4423 394 4484 Beucellinus
411 4423 591 4502 vicecomes,
615 4424 776 4505 Philippus
793 4425 831 4485 de
849 4425 988 4505 Neapoli,
1014 4426 1155 4487 Manases
1172 4425 1426 4503 constabularius,

118 4514 277 4574 lohannes
294 4513 400 4591 scriba,
416 4512 534 4591 Erneis,
551 4514 736 4594 patriarchae
753 4514 962 4594 cancellatim,
978 4514 1076 4576 Fulco
1088 4516 1125 4575 de
1136 4514 1242 4592 Gerin,
1257 4514 1427 4576 Nicholaus

120 4602 315 4682 camerarius,
325 4603 482 4663 lohannes
494 4603 531 4663 de
542 4603 753 4681 Valancieues,
764 4604 887 4684 Britius,
897 4605 1067 4666 Herbertus
1079 4604 1314 4683 Lougobardus,
1324 4604 1427 4665 Petres

120 4693 159 4752 de
176 4691 340 4771 Pirregort,
358 4692 529 4753 Herbertus
545 4692 663 4769 Strabo,
674 4693 845 4755 Raiualdus
856 4693 971 4772 Sechir,
982 4694 1088 4754 Petrus
1103 4692 1263 4773 Salomon,
1274 4692 1428 4754 Senoreth

120 4781 142 4842 li
160 4779 352 4860 Palmentirs,
374 4781 482 4842 Petros
504 4780 665 4862 (Cibrario,
687 4802 717 4864 p.
737 4801 817 4857 2273
842 4783 988 4862 Ferraud,
1004 4801 1034 4865 p.
1054 4802 1199 4859 2o—-2t;
1224 4782 1373 4844 Archives
1390 4783 1428 4843 de

120 4868 257 4932 l'Orient
272 4869 348 4931 latin
364 4870 387 4931 ll
395 4871 429 4951 B,
445 4891 475 4952 p.
500 4890 568 4951 129,
585 4872 645 4933 Νο.
665 4873 704 4950 8).
1357 4868 1429 4931 259

174 4986 341 5044 Rbhtieht,
360 4988 466 5046 Regesttt.
1214 5009 1229 5065 5
