3398 5400
667 350 747 422 regni
760 350 1020 425 Hierosolymitani.
1437 377 1490 419 121

191 444 362 452 ——-
747 445 1495 454 m*—

204 608 248 665 ae,
265 604 345 649 extra
362 590 470 650 urbem
489 588 666 669 pomarium
683 603 713 649 et
729 588 826 649 casale
845 608 940 649 unam
957 588 1079 649 leucam
1094 590 1132 648 ab
1143 587 1209 668 ipsa
1220 571 1344 667 distans,
1355 609 1371 649 e
1382 588 1497 668 quibus

193 698 210 739 a
227 677 369 739 fratribus
385 679 484 759 pretio
502 678 541 738 Vl
558 678 691 738 millium
715 678 921 739 bisantiorum
944 678 982 743 de
1005 677 1154 738 antedicta
1178 677 1311 758 pecunia
1334 677 1423 738 emtis
1442 697 1497 738 an-

193 768 301 829 nuales
317 767 455 828 redditus
472 768 535 830 MC
550 767 756 828 bisantiorum
781 766 978 848 proveniant,
1003 767 1084 828 hanc
1100 786 1173 828 vero
1189 767 1381 847 emptionem
1398 771 1497 828 Acco-

193 876 321 918 neusem
333 858 371 917 ab
381 854 548 933 A(malrico
565 857 586 934 Ι)
603 876 674 937 rege
691 857 836 917 nondum
854 855 1065 917 confirmatam
1083 876 1158 917 esse.
1180 890 1216 899 -
1237 856 1371 917 Fratres:
1391 857 1497 917 Petrus

193 947 231 1008 de
248 947 351 1021 Crato,
369 946 553 1007 clericorum
570 945 714 1024 magister
731 960 761 1006 et
776 945 920 1006 ecclesiae
937 961 1050 1024 custos,
1068 944 1174 1025 Guigo
1192 945 1229 1006 de
1247 945 1393 1023 Mahone,
1411 965 1498 1027 prae-

193 1050 298 1116 ceptor
315 1034 495 1116 Hospitalis,
513 1036 623 1098 Castus
639 1035 858 1113 thesaurarius,
870 1035 987 1111 Piotus‚
999 1033 1184 1116 Stephanus,
1196 1035 1383 1114 Bernardus,
1400 1054 1498 1095 sacer-

193 1125 250 1186 dos
266 1125 413 1206 praedicti
430 1125 547 1204 negotii
562 1125 773 1186 internuntius
790 1124 884 1201 (Paoli
902 1124 923 1202 l,
941 1142 971 1204 p.
983 1142 1125 1204 44—45,
1143 1124 1203 1185 Νο.
1215 1143 1274 1203 44;
1301 1122 1400 1202 Fejer,
1417 1124 1497 1187 Cod.

193 1213 322 1295 diplom.
341 1214 414 1293 VA,
433 1234 462 1295 p.
482 1214 677 1294 285-287).
1427 1211 1498 1273 458

237 1345 344 1427 (1168
360 1347 409 1427 c.).
426 1381 471 1392 -
491 1348 675 1425 Amallricus
699 1349 731 1426 l),
755 1369 806 1409 rex
829 1348 1143 1429 Hierosolymitanus,
1168 1348 1329 1410 Ludovico
1346 1348 1409 1428 Vll,
1434 1349 1499 1427 regi

193 1438 397 1513 Francorum,
416 1437 519 1499 fratres
535 1438 660 1519 Templi
678 1439 878 1499 commendat
900 1436 1049 1516 (Bongars
1066 1437 1087 1511 l,
1105 1457 1134 1519 p.
1158 1440 1250 1516 1181,
1268 1439 1328 1499 No.
1348 1458 1405 1512 213
1431 1439 1498 1500 Du-

192 1527 374 1693 ἷὲπέεἶίἷν,
385 1547 415 1608 p.
428 1528 502 1607 698,
514 1528 574 1589 N0.
589 1529 668 1609 364;
686 1530 832 1608 Bouquet
842 1527 921 1605 XVl,
934 1546 962 1608 p.
979 1547 1048 1606 157,
1060 1527 1120 1588 Νο.
1132 1528 1214 1606 4693
1234 1528 1351 1607 Migne,
1363 1547 1393 1609 p.
1409 1548 1499 1676 127539,

237 1742 249 1818 (
287 1785 306 1817 „
353 1739 430 1817 ic).
459 1740 529 1816 ‹1.¹)
547 1740 604 1802 Dei
621 1741 715 1820 gratia
732 1756 760 1801 et
777 1739 972 1802 ordinatione
990 1740 1156 1821 episcopus
1172 1740 1496 1823 Hierosolymitanus»

194 1829 384 1909 Hildegardi,
401 1830 562 1910 magistrae
579 1831 617 1891 de
635 1831 744 1891 Monte
767 1829 798 1890 S.
815 1830 942 1892 Roberti
966 1829 1138 1909 Pingensis,
1162 1828 1291 1910 ejusque
1309 1831 1451 1912 precibus
1466 1850 1499 1891 se

193 1919 392 1981 commendat
408 1919 475 2001 (Ep.
493 1919 523 1981 S.
536 1919 742 1999 Hildegardis,
756 1920 816 1981 Νο.
831 1939 869 1980 22
880 1919 915 1991 a).
933 1912 942 2002 l}
958 1919 1074 1981 Eadem
1091 1920 1281 1993 antedictum
1297 1920 1499 2002 patriarcham

195 2008 516 2089 Hierosolymitanum
537 2009 642 2070 multis
665 2008 778 2070 laboris
802 2024 944 2070 vexatum
967 2008 1147 2070 consolatur
1169 2009 1253 2086 (ibid.
1271 2010 1331 2070 Nu.
1351 2011 1435 2084 22b;
1461 2009 1498 2070 cf.

195 2098 392 2176 Schmelzeis,
408 2098 470 2159 Das
487 2098 592 2159 Leben
609 2100 675 2161 und
692 2099 823 2160 Wirken
841 2099 896 2160 der
912 2097 984 2159 heil.
1001 2098 1208 2179 Hildegardis,
1235 2098 1385 2178 Freiburg
1407 2100 1499 2178 1879,

194 2207 224 2269 p.
248 2207 428 2267 199-200,
445 2188 507 2250 No.
528 2188 611 2265 200).
1429 2185 1500 2247 460

269 2311 289 2376 ¹)
303 2306 455 2434 Cogrigatts:
468 2307 636 2378 Amalricus,
646 2307 695 2380 qui
708 2307 782 2363 sedit
798 2306 979 2380 1158-1179.
999 2305 1181 2380 Hildegardis
1195 2305 1248 2362 fuit
1262 2305 1406 2363 abbatissa
1420 2305 1500 2362 annis

198 2397 336 2452 1147—17
372 2396 427 2451 ep.
447 2398 520 2453 1179.

283 2556 302 2587 „
348 2508 487 2569 -1169
505 2516 585 2590 Aug.
607 2532 632 2590 5.
662 2510 841 2572 Beneventi.
858 2545 900 2553 -
918 2511 1092 2571 Alexander
1108 2509 1146 2570 lll
1163 2510 1264 2588 Petro,
1288 2510 1319 2571 S.
1337 2510 1500 2592 Sepulchri

195 2599 300 2682 priori,
316 2600 429 2680 scribit,
447 2600 659 2678 Almalricum)
676 2600 877 2681 patriarcham
895 2615 924 2660 et
940 2598 1153 2676 Almalricum)
1171 2618 1274 2679 regern
1299 2618 1364 2661 non
1388 2601 1500 2662 debere

194 2690 348 2770 impediri,
372 2690 545 2770 quominus
568 2690 711 2751 ecclesiae
733 2689 882 2771 Joppensi
906 2689 1087 2768 dignitatem
1110 2688 1315 2750 cathedralem
1340 2703 1371 2750 et
1390 2705 1499 2764 cetera,

194 2798 273 2859 quae
291 2799 485 2860 paganorum
502 2777 687 2858 jamdudum
699 2778 842 2840 violentia
859 2793 887 2839 et
904 2778 1108 2858 occupatione
1119 2778 1302 2859 perdiderat,
1314 2779 1500 2860 opportuni-

194 2884 252 2929 tate
276 2887 361 2929 nunc
384 2869 484 2929 habita
508 2869 647 2947 reddant,
671 2883 806 2928 attamen
826 2888 842 2928 a
865 2887 897 2928 se
921 2867 1124 2949 patriarcham
1144 2867 1342 2929 admonitum
1366 2888 1442 2946 esse,
1467 2883 1502 2929 ut

194 2958 320 3037 dignam
331 2959 559 3038 honestamque
576 2958 612 3018 iis
628 2957 950 3038 recompensationem
963 2956 1097 3018 inveniat
1109 2956 1259 3035 (Roziere,
1271 2976 1301 3038 p.
1315 2976 1500 3036 291—292,

195 3048 255 3108 No.
279 3049 354 3120 162;
378 3046 664 3126 leffe-waenfeld,
682 3047 742 3108 No.
766 3047 893 3126 11568).
1430 3045 1495 3106 461

257 3169 346 3230 1169
364 3173 452 3232 Mart.
477 3173 522 3233 16.
539 3205 584 3214 -
601 3171 773 3252 Episcopus
789 3168 982 3232 Valeniensis
999 3185 1027 3230 et
1044 3169 1148 3229 fratres
1172 3169 1210 3230 de
1225 3170 1363 3252 Templo
1385 3172 1501 3233 Torto-

194 3281 245 3322 sae
262 3261 438 3341 congregati
457 3280 567 3322 omnes
584 3261 735 3341 querelas,
747 3279 826 3340 quae
844 3260 882 3320 de
899 3261 992 3320 rebus
1002 3258 1127 3321 Galterii
1144 3259 1297 3338 canonici,
1315 3260 1352 3321 de
1369 3260 1500 3338 villanis,

195 3351 233 3412 de
250 3351 339 3411 casali
356 3349 422 3427 ejus
440 3350 534 3411 fracto
551 3350 631 3411 inter
647 3366 810 3429 utramque
827 3364 945 3429 partem
956 3348 1140 3426 exstiterant,
1152 3348 1349 3430 abepiscopo
1360 3349 1501 3412 dimissas

195 3440 289 3501 fuisse
305 3439 500 3501 confirmant.
518 3473 562 3483 —
579 3439 716 3516 Pletrus),
741 3439 907 3520 episcopus
923 3437 1154 3517 Antaradensis,
1178 3437 1268 3516 Kale,
1293 3439 1433 3518 ejusdem
1451 3460 1501 3501 ec·

195 3530 304 3590 clesiae
320 3529 575 3604 archidiaconus,
594 3528 714 3589 fratres:
732 3528 874 3589 Galterus
891 3528 928 3588 de
946 3527 1048 3588 Berito
1065 3543 1255 3609 praeceptor,
1269 3528 1447 3590 Willehnus
1462 3530 1501 3590 de

195 3618 355 3695 Gnirchia,
373 3618 576 3697 berengarius
593 3618 630 3679 de
648 3616 783 3679 Castello
799 3618 903 3694 Perso,
920 3616 1061 3678 Thomas
1078 3617 1115 3677 de
1134 3617 1276 3695 Marolio,
1294 3617 1502 3679 fraterTheo-

195 3709 316 3769 baudus
333 3709 370 3768 de
387 3707 418 3768 S.
436 3707 611 3785 Scolastica,
628 3707 720 3768 Falco
737 3705 895 3784 (Delaville
912 3705 940 3767 le
958 3707 1071 3785 Roulx,
1088 3725 1117 3786 p.
1134 3708 1386 3788 112—113,No.
1401 3705 1501 3787 29[cf.

194 3816 225 3879 p.
249 3795 307 3876 17],
326 3798 474 3875 Ducum,
491 3817 521 3878 p.
545 3797 681 3876 15-16,
699 3796 759 3857 Νο.
781 3815 814 3876 5;
840 3796 940 3873 Prutz,
959 3815 988 3876 p.
1005 3815 1058 3875 40,
1076 3796 1136 3857 No.
1162 3797 1218 3873 12).
1431 3794 1502 3856 462

240 3933 251 4011 (
289 3977 309 4009 ,,
357 3929 1502 4013 Mat).-ntmalricus)‚patriarchaHierosolymitanus,LudovicoV11‚

195 4023 258 4101 regi
271 4022 426 4100 Franciae,
438 4021 645 4098 hohenhem),
662 4021 845 4102 episcopum
856 4020 1088 4081 Paneadensem
1102 4020 1132 4098 ¹),
1144 4021 1182 4081 de
1199 4041 1283 4081 novo
1299 4021 1500 4083 constitutum

195 4112 403 4189 commendat,
415 4112 479 4192 qui,
492 4127 525 4173 ut
536 4112 567 4172 in
578 4111 657 4172 dicta
667 4111 784 4172 civitate
799 4109 959 4171 ecclesiam
970 4112 1007 4170 ab
1024 4109 1165 4171 hostibus
1182 4110 1367 4171 destructam
1384 4112 1502 4173 reaedi-

195 4201 285 4262 ficare
302 4201 408 4282 possit,
434 4204 471 4262 ab
493 4200 561 4282 ipso
578 4198 722 4277 juvamen
739 4216 768 4261 et
783 4199 932 4260 auxilium
950 4213 1052 4280 petere
1068 4198 1140 4260 velit
1162 4198 1310 4278 (Bongars
1327 4201 1349 4278 l,
1366 4219 1396 4281 p.
1421 4221 1502 4282 1174

194 4311 338 4370 -1175,
363 4291 422 4352 N0.
442 4292 477 4366 63
511 4291 677 4352 Duchesne
694 4290 744 4368 IV,
769 4309 799 4370 p.
817 4290 892 4368 691,
919 4289 980 4350 No.
1000 4291 1079 4368 348,
1112 4290 1257 4369 Bouquet
1274 4288 1354 4367 XVl,
1377 4310 1407 4370 p.
1432 4310 1501 4371 151,

196 4380 257 4441 No,
273 4399 356 4460 4533
382 4379 488 4459 Migne
505 4380 598 4458 CLV,
616 4399 646 4461 p.
671 4380 896 4458 1267-1268,
914 4379 974 4439 Νο.
996 4379 1033 4457 5).
1431 4377 1502 4438 463

272 4503 291 4567 ¹)
306 4498 362 4568 Qui
377 4499 489 4554 Parisiis
503 4511 635 4555 mortuus
651 4512 679 4554 et
692 4499 720 4555 in
734 4498 852 4555 ecclesia
867 4498 1023 4556 S-Victoris
1038 4499 1167 4570 sepultus
1181 4511 1223 4553 est
1237 4498 1393 4570 (Rbhricht,
1403 4498 1487 4554 Amal

196 4570 256 4626 rich
269 4572 288 4641 1,
301 4588 328 4643 p.
341 4572 404 4642 467,
418 4583 477 4626 not.
491 4574 529 4641 4).

241 4693 252 4771 (
291 4739 310 4769 „
357 4690 454 4771 Mai).
471 4725 516 4735 —
533 4691 705 4754 amalricus
722 4691 743 4770 l,
761 4711 812 4752 rex
829 4689 1503 4773 Hierosolymitanus,Hlenrico),archiepis-

197 4802 279 4864 copo
296 4782 454 4856 Remensi,
473 4781 638 4842 miserabili
654 4781 769 4842 Terrae
786 4781 913 4842 Sanctae
930 4797 1008 4843 statu
1025 4781 1165 4862 exposito
1181 4781 1293 4859 scribit,
1311 4802 1342 4842 se
1360 4780 1502 4859 (Amalri-

197 4872 290 4950 cum),
308 4872 509 4954 patriarcham
527 4871 859 4953 Hierosolymitanum,
876 4870 1073 4949 (Ernesium),
1084 4871 1352 4953 archiepiscopum
1363 4871 1502 4933 Caesari-
