3398 5400
307 384 372 451 324
870 356 1047 436 Regesta

1372 454 1620 465 -....-.—-—-——

305 585 459 647 decimam
483 582 660 667 piscationis
683 583 796 646 scilicet
818 583 851 645 in
874 583 1071 664 longitudine
1097 583 1179 645 horti
1203 583 1252 646 sui
1278 584 1437 663 Gloriette,
1464 583 1518 664 qui
1545 598 1621 645 ante

304 690 427 756 portam
451 673 620 756 Hospitalis
635 672 823 754 Tripolitani
848 674 1033 750 extenditur,
1058 688 1086 734 et
1109 673 1142 734 in
1165 673 1361 753 longitudine
1384 674 1500 735 domus
1516 672 1621 754 ipsius

306 763 486 845 Hospitalis.
503 797 547 807 -
563 763 610 824 De
626 761 762 823 vasallis:
788 762 978 842 Guillaume,
1002 762 1151 824 dominus
1175 763 1240 825 dou
1260 765 1387 841 Botron,
1406 763 1541 840 Meillor,
1558 762 1620 823 do-

306 854 411 914 minus
428 854 466 914 de
484 852 666 931 Maraclela),
682 852 794 930 Johan,
812 853 960 914 dominus
976 852 1040 914 dou
1058 853 1135 934 Puy,
1150 852 1261 930 Johan,
1279 853 1483 914 marescalcus
1498 851 1621 933 Tripo-

306 944 431 1021 liranus,
447 942 547 1004 Johan
565 942 678 1020 Pierre,
699 941 798 1003 Henri
815 942 854 1003 de
870 941 1060 1020 Camerdais,
1076 941 1217 1002 Thomas
1235 947 1320 1018 Arra,
1337 942 1438 1003 Johan
1455 942 1492 1002 de
1510 941 1620 1002 Flain-

308 1049 383 1110 cort,
395 1032 515 1110 Angele
526 1031 637 1108 Pierre,
649 1031 792 1092 Bemond
804 1036 891 1108 Atta,
902 1031 1003 1092 Pierre
1015 1031 1053 1092 de
1063 1030 1092 1091 la
1102 1030 1261 1093 Gibroille.
1279 1032 1395 1093 Datum
1412 1051 1467 1113 per
1483 1049 1620 1091 manum

306 1121 457 1183 lobannis
475 1119 646 1182 cancellarii
664 1120 854 1202 principatus
870 1136 900 1182 et
915 1120 1078 1182 comitatus
1093 1140 1178 1182 anno
1195 1119 1232 1181 lll
1249 1119 1343 1194 (Pauli
1355 1120 1376 1201 l,
1388 1141 1418 1202 p.
1434 1120 1620 1200 147-148,

306 1211 367 1272 No.
391 1212 467 1285 126;
493 1210 531 1272 cf.
548 1230 579 1292 p.
600 1209 682 1291 528).
1523 1206 1620 1269 1229

354 1313 444 1375 1255
461 1316 558 1398 April.
582 1337 606 1377 1.
640 1315 781 1397 Neapoli.
803 1349 847 1359 -
870 1316 1046 1377 Alexander
1071 1316 1111 1378 lV
1137 1315 1318 1393 (Guillelmo
1344 1317 1382 1378 de
1408 1316 1619 1393 Castronovol

305 1405 451 1485 magistro
468 1422 498 1467 et
515 1404 656 1467 fratribus
667 1405 836 1487 Hospitalis
851 1405 980 1466 liberam
997 1405 1226 1486 possessionem
1242 1405 1313 1484 loci,
1331 1406 1444 1486 inquo
1461 1406 1493 1466 in
1505 1406 1618 1467 Monte

305 1495 435 1557 Thabor
451 1495 675 1556 monasterium
690 1495 710 1573 ¹)
727 1515 744 1555 a
760 1495 919 1556 Saracenis
935 1495 1125 1556 destructum
1141 1495 1261 1573 exstitit,
1279 1514 1350 1556 cum
1368 1494 1560 1576 pertinentiis
1578 1515 1619 1556 eo

307 1600 397 1666 pacto
407 1583 558 1663 concedit,
571 1599 605 1645 ut
622 1583 699 1645 infra
715 1584 744 1645 X
760 1603 870 1662 annos,
887 1584 912 1645 si
930 1603 988 1666 pax
1003 1584 1053 1645 vel
1069 1599 1193 1664 treugae
1205 1584 1319 1646 fuerint
1336 1583 1416 1645 inter
1432 1583 1619 1645 christianos

305 1690 335 1734 et
359 1673 526 1735 Saracenos
549 1673 726 1754 continuae,
752 1690 918 1755 postquam
949 1673 1178 1756 praedictorum
1209 1674 1351 1735 locorum
1383 1673 1618 1755 possessionem

307 1763 421 1824 fuerint
437 1762 577 1841 assecuti,
596 1763 628 1823 in
645 1762 715 1823 loco
732 1763 800 1844 ipso
817 1762 1025 1824 munitionem
1043 1763 1140 1824 facere
1157 1780 1186 1824 et
1201 1763 1257 1824 XL
1272 1763 1383 1824 milites
1400 1763 1512 1825 habere
1527 1777 1619 1824 teue-

307 1867 398 1913 antur
414 1868 443 1913 et
459 1852 560 1913 abbati
577 1872 611 1913 ac
628 1853 800 1930 monachis,
812 1853 866 1932 qui
877 1868 1055 1934 supersunt,
1067 1850 1150 1931 juxta
1166 1852 1326 1914 arbitrium
1343 1851 1497 1932 (Aegidii)‚
1514 1851 1618 1913 archi-

307 1941 445 2023 episcopi
457 1941 616 2023 Tyrensis,
635 1957 664 2003 et
679 1940 857 2020 (Hemina),
874 1941 990 2002 abbatis
1006 1942 1037 2005 S.
1048 1941 1161 2003 Mariae
1178 1942 1217 2003 de
1233 1941 1310 2003 valle
1326 1942 1472 2023 Josaphat
1488 1946 1618 2003 Accone

306 2031 540 2108 commorantis,
558 2047 713 2094 eteorum
731 2032 854 2093 alterius
870 2045 990 2092 tantum
1012 2030 1155 2092 exhibere
1178 2031 1319 2111 debeant,
1337 2032 1421 2093 unde
1438 2030 1551 2093 vivant.
1563 2026 1617 2114 llo

307 2121 445 2182 eundem
463 2121 524 2182 fere
540 2121 674 2182 modum
690 2121 838 2203 scriptum
855 2137 899 2183 est
915 2120 1148 2202 archiepiscopo
1158 2120 1291 2203 Tyrensi
1303 2135 1332 2182 et
1342 2121 1442 2182 abbati
1458 2120 1488 2183 S.
1500 2121 1618 2182 Mariae

308 2210 347 2271 de
359 2210 436 2271 valle
446 2210 591 2292 Josaphat
602 2209 760 2271 antedictis
771 2209 865 2287 (Paoli
876 2211 898 2289 l,
909 2230 938 2293 p.
949 2229 1022 2292 273,
1033 2210 1094 2271 No.
1105 2210 1137 2285 83
1151 2211 1296 2289 Potthast,
1307 2211 1368 2272 No.
1378 2231 1386 2271 r
1397 2209 1502 2291 5771).
1525 2207 1618 2269 1230

383 2315 403 2391 ¹)
422 2311 466 2365 De
480 2311 611 2366 cessione
622 2311 729 2367 Montis
738 2312 860 2366 Thabor
873 2310 1008 2392 (Eracles,
1021 2328 1047 2392 p.
1055 2311 1190 2437 442,6¹ap)
1201 2311 1308 2367 Chron.
1320 2313 1356 2367 de
1366 2313 1535 2382 Lanercost,
1545 2329 1573 2384 p.
1583 2313 1613 2369 61

309 2382 420 2437 scribit:
436 2383 537 2438 «Mons
548 2383 669 2438 Thabor
681 2400 748 2439 cum
761 2382 931 2455 appenditiis
944 2383 1077 2438 venditus
1090 2395 1133 2437 est
1172 2381 1340 2455 ospitalariis
1355 2401 1407 2455 pro
1421 2383 1476 2437 MC
1488 2381 1618 2439 bisantiis

306 2453 355 2524 ita,
368 2454 448 2526 quod
462 2453 609 2509 castellum
622 2453 695 2509 infra
710 2455 798 2511 dictas
813 2468 928 2526 treugas
942 2453 1139 2510 fabricarent».

388 2604 408 2635 „
454 2558 551 2640 April.
570 2559 599 2620 8.
631 2558 773 2640 Neapoli.
794 2591 839 2601 -
862 2559 1037 2620 Alexander
1059 2558 1100 2620 lV
1125 2558 1306 2636 (Guillelmo
1329 2559 1368 2620 de
1393 2559 1503 2620 Castro
1520 2558 1617 2636 novo)

308 2647 455 2727 magistro
471 2663 500 2708 et
517 2647 659 2709 fratribus
676 2647 846 2730 Hospitalis
857 2649 999 2710 concedit
1016 2648 1048 2709 in
1063 2664 1260 2730 perpetuum,
1273 2664 1306 2710 ut
1316 2648 1353 2708 de
1365 2648 1618 2728 possessionibus

307 2737 455 2798 omnibus
479 2751 507 2798 et
530 2737 631 2815 bonis,
658 2757 738 2818 quae
761 2753 822 2799 tam
846 2737 878 2798 in
900 2754 997 2798 castro
1013 2738 1073 2798 sito
1089 2737 1122 2799 in
1139 2737 1285 2800 comitatu
1302 2737 1510 2818 Tripolitau0,
1527 2738 1619 2818 quod

307 2827 442 2888 Cracum
458 2826 578 2905 dicitur,
595 2846 689 2907 quam
707 2826 739 2888 in
755 2827 832 2889 locis
849 2827 876 2888 ei
892 2825 1103 2906 adjacentibus
1120 2827 1244 2904 habent,
1266 2827 1416 2909 primitias
1432 2842 1463 2888 et
1478 2827 1618 2888 decimas

307 2915 476 2997 praediales
492 2916 610 2976 solvere
627 2915 757 2978 minime
774 2932 937 2978 teneantur
954 2916 1060 2995 (Paoli,
1077 2916 1194 2979 Codice
1211 2917 1232 2995 l,
1249 2937 1279 2998 p.
1299 2936 1485 2996 274-275,
1503 2917 1566 2978 No.
1585 2935 1616 2995 93

306 3005 453 3084 Potthast,
470 3005 531 3066 No,
555 3005 685 3085 15781).
1524 3002 1613 3065 1231

388 3156 408 3189 ,,
455 3111 552 3193 April.
573 3133 624 3190 27,
648 3112 712 3174 ind.
730 3113 804 3174 Xlll.
829 3116 946 3175 Accon.
964 3148 1008 3157 —
1025 3118 1130 3193 Agnes
1146 3114 1184 3175 de
1202 3113 1324 3195 Ronay,
1344 3129 1441 3175 mater
1456 3113 1618 3176 Guidonis

307 3217 337 3262 et
352 3200 485 3263 Nichole
503 3202 540 3262 de
558 3202 679 3283 Ronay,
697 3222 800 3288 coram
818 3205 998 3284 presbytero
1012 3203 1179 3280 Frideric0,
1198 3204 1354 3265 Matthaeo
1371 3203 1408 3264 de
1425 3202 1570 3284 Pignano
1587 3218 1618 3266 et

307 3291 398 3352 Petro
422 3290 560 3370 Frogerii
584 3293 621 3352 ab
638 3291 755 3353 Aliotto
775 3291 896 3353 notario
919 3291 1047 3374 publico
1068 3294 1106 3353 de
1121 3292 1188 3371 jure
1205 3312 1263 3354 suo
1281 3293 1390 3354 certior
1407 3292 1482 3353 facta
1499 3293 1619 3355 auxilio

309 3379 469 3441 Velleiano
484 3381 504 3457 ¹)
528 3380 657 3460 aliisque
675 3380 781 3442 ceteris
797 3380 917 3443 auxiliis
933 3382 1116 3443 renuntians
1133 3381 1336 3443 donationem
1353 3381 1489 3443 filiorum
1506 3402 1618 3464 supra-

307 3469 420 3530 dictam
431 3469 517 3545 (Not
527 3470 600 3547 228)
611 3469 774 3531 confirmat
784 3469 942 3547 (Delaville
952 3471 980 3532 le
992 3471 1105 3548 Roulx,
1116 3490 1147 3552 p.
1156 3493 1165 3531 t
1174 3473 1250 3533 86—
1259 3493 1267 3532 r
1277 3475 1316 3538 87
1327 3472 1359 3532 iu
1368 3471 1428 3533 No.
1441 3472 1502 3552 83).
1525 3469 1619 3532 1232

383 3575 403 3637 ¹)
422 3571 453 3625 ld
466 3584 509 3625 est
523 3569 673 3625 consilium
687 3577 815 3635 (senatus
829 3571 1006 3642 consultum)
1017 3570 1187 3644 Villejanum
1196 3573 1244 3639 (de
1253 3590 1312 3644 quo
1322 3571 1418 3628 videas
1426 3571 1618 3644 Digestorum

306 3642 323 3695 l.
338 3641 400 3711 ll,§
418 3642 441 3711 ι)
462 3641 571 3697 factum
592 3641 713 3697 Claudio
735 3643 858 3699 Caesare
879 3660 904 3697 a.
916 3645 953 3715 46
966 3656 1033 3715 post
1047 3643 1112 3698 Chr.
1128 3655 1227 3698 natum
1241 3644 1277 3699 de
1290 3642 1516 3716 obligationibus
1531 3644 1618 3700 semi-

306 3730 419 3782 narum,
432 3730 506 3785 quae
520 3730 573 3784 pro
587 3713 646 3769 aliis
660 3731 725 3770 reae
738 3712 818 3769 fiunt.

389 3861 407 3893 „
454 3816 551 3897 April.
569 3815 706 3896 (gallice).
724 3850 767 3859 -
783 3817 883 3878 Johan
899 3817 1057 3896 Laleman,
1079 3818 1228 3880 dominus
1244 3818 1421 3895 Caesareae,
1446 3832 1475 3878 et
1492 3819 1617 3899 Marga-

307 3923 369 3967 reta
392 3924 480 3984 uxor,
503 3903 565 3966 filia
587 3904 666 3967 olim
685 3906 846 3985 lobannis,
871 3906 993 3967 domini
1016 3908 1054 3969 de
1079 3908 1237 3984 Caesarea,
1263 3906 1416 3987 Hospitali
1432 3906 1458 3968 L
1474 3906 1617 3969 bisantiis

307 3995 494 4057 annualibus
517 3995 614 4056 casale
638 3994 831 4057 Chasteillon
855 3996 1041 4072 concedunt,
1066 3997 1152 4077 quod
1170 4018 1186 4057 a
1203 3995 1340 4059 Galterio
1363 3997 1401 4058 de
1421 3996 1618 4060 Chasteillon

307 4084 384 4145 olim
407 4103 586 4167 possessum
610 4104 727 4147 nomen
751 4085 875 4167 accepit,
899 4086 952 4147 sed
977 4085 1170 4147 Sarracenice
1195 4103 1320 4148 vocatur
1335 4085 1363 4146 le
1382 4087 1520 4147 Meseraa
1537 4102 1568 4149 et
1584 4086 1617 4148 iu

309 4173 461 4236 territorio
471 4174 638 4235 Caesareae
654 4175 748 4236 situm
764 4173 880 4252 adjacet
896 4177 934 4235 ab
951 4175 1068 4237 oriente
1086 4175 1175 4236 casali
1186 4175 1355 4256 Hospitalis
1372 4174 1561 4256 d'Hautefie‘,
1578 4178 1618 4237 ab

307 4264 468 4325 occidente
484 4263 571 4341 mari,
589 4263 670 4325 salva
687 4263 734 4324 via
750 4265 879 4341 marina,
896 4285 912 4324 a
929 4265 1138 4346 septentrione
1156 4265 1244 4326 casali
1260 4264 1386 4346 Templi
1403 4264 1538 4327 Caferlet
1554 4281 1618 4327 eta

308 4354 436 4415 meridie
447 4352 544 4414 fluvio
555 4352 660 4414 Saluh.
672 4386 715 4395 -
725 4353 904 4416 Guillaume
915 4354 954 4415 de
965 4354 1161 4435 Pinqueigni,
1176 4354 1297 4436 Symon
1308 4354 1346 4416 de
1356 4353 1474 4433 Treies,
1484 4354 1618 4416 Amauri

308 4443 346 4503 de
370 4442 400 4504 S.
418 4442 534 4521 Bertin,
552 4443 659 4503 Andre
675 4442 726 4503 del
741 4443 811 4521 Bez,
836 4443 927 4525 Elyes
944 4444 1082 4522 Charles,
1101 4445 1201 4506 Johan
1218 4442 1351 4524 Oquede
1365 4443 1386 4520 ¹)
1410 4442 1572 4520 (Delaville
1589 4445 1618 4506 le

307 4530 421 4611 Roulx,
439 4551 469 4614 p.
493 4533 672 4612 185—186,
689 4532 750 4593 No.
769 4534 827 4608 82;
853 4533 888 4594 cf.
906 4553 936 4614 p.
956 4535 1017 4613 25).
1524 4532 1617 4594 1233

383 4636 404 4691 ¹l
423 4632 515 4688 Alias:
528 4634 672 4705 Hoquete.

389 4775 408 4806 „
456 4726 529 4808 Maj.
554 4751 577 4808 1,
596 4729 660 4790 ind.
676 4729 755 4792 lllll.
778 4735 895 4791 Accon.
912 4730 1129 4793 -lohannes
1147 4730 1351 4808 Alemannus,
1370 4729 1521 4792 dominus
1537 4731 1618 4795 Cae-

306 4839 420 4900 sareae,
431 4818 694 4899 coramlocelino,
703 4819 936 4901 archiepiscopo
944 4819 1145 4899 Caesariensi,
1157 4820 1301 4881 ecclesiae
1312 4819 1618 4903 Hierosolymitanae

305 4907 431 4993 vicario,
455 4907 609 4990 Hospitali
632 4928 688 4990 per
710 4928 840 4971 manum
862 4909 1010 4989 Hugonis
1029 4908 1125 4971 Revel
1148 4909 1252 4989 magni
1273 4910 1480 4991 praeceptoris
1497 4911 1618 4994 omnia,
