<?xml version="1.0" encoding="UTF-8"?>
<!DOCTYPE html PUBLIC "-//W3C//DTD XHTML 1.0 Transitional//EN"
    "http://www.w3.org/TR/xhtml1/DTD/xhtml1-transitional.dtd">
<html xmlns="http://www.w3.org/1999/xhtml" xml:lang="en" lang="en">
 <head>
  <title>
</title>
<meta http-equiv="Content-Type" content="text/html;charset=utf-8" />
  <meta name='ocr-system' content='tesseract 3.04.00' />
  <meta name='ocr-capabilities' content='ocr_page ocr_carea ocr_par ocr_line ocrx_word'/>
</head>
<body>
  <div class='ocr_page' id='page_1' title='image "./regestaregnihie00rhgoog_0387.png"; bbox 0 0 3398 5400; ppageno 0'>
   <div class='ocr_carea' id='block_1_1' title="bbox 195 333 933 423">
    <p class='ocr_par' dir='ltr' id='par_1_1' title="bbox 195 333 933 423">
     <span class='ocr_line' id='line_1_1' title="bbox 195 333 933 423; baseline 0.001 -33"><span class='ocrx_word' id='word_1_1' title='bbox 195 342 258 423; x_wconf 83' lang='lat'>380</span> <span class='ocrx_word' id='word_1_2' title='bbox 755 333 933 409; x_wconf 81' lang='lat' dir='ltr'>Regesta</span> 
     </span>
    </p>
   </div>
   <div class='ocr_carea' id='block_1_2' title="bbox 191 555 1507 1087">
    <p class='ocr_par' dir='ltr' id='par_1_2' title="bbox 191 555 1507 1087">
     <span class='ocr_line' id='line_1_2' title="bbox 242 555 1507 641; baseline 0.003 -25"><span class='ocrx_word' id='word_1_3' title='bbox 242 555 332 616; x_wconf 84' lang='lat'>1284</span> <span class='ocrx_word' id='word_1_4' title='bbox 349 557 456 639; x_wconf 83' lang='lat'><em>(1283)</em></span> <span class='ocrx_word' id='word_1_5' title='bbox 472 558 553 619; x_wconf 91' lang='lat' dir='ltr'>Nov.</span> <span class='ocrx_word' id='word_1_6' title='bbox 573 576 623 635; x_wconf 86' lang='lat'>21,</span> <span class='ocrx_word' id='word_1_7' title='bbox 648 555 712 616; x_wconf 90' lang='lat' dir='ltr'>ind.</span> <span class='ocrx_word' id='word_1_8' title='bbox 729 556 793 617; x_wconf 92' lang='lat' dir='ltr'>Xll.</span> <span class='ocrx_word' id='word_1_9' title='bbox 818 560 926 618; x_wconf 83' lang='lat' dir='ltr'>Accon</span> <span class='ocrx_word' id='word_1_10' title='bbox 951 556 1032 635; x_wconf 86' lang='lat' dir='ltr'>juxta</span> <span class='ocrx_word' id='word_1_11' title='bbox 1055 559 1168 620; x_wconf 92' lang='lat' dir='ltr'>domos</span> <span class='ocrx_word' id='word_1_12' title='bbox 1191 559 1444 641; x_wconf 92' lang='lat' dir='ltr'>drapperiorum.</span> <span class='ocrx_word' id='word_1_13' title='bbox 1461 594 1507 604; x_wconf 93' lang='lat'><em>-</em></span> 
     </span>
     <span class='ocr_line' id='line_1_3' title="bbox 193 645 1505 730; baseline 0.003 -23"><span class='ocrx_word' id='word_1_14' title='bbox 193 647 450 708; x_wconf 80' lang='lat' dir='ltr'>Bartholomaeus</span> <span class='ocrx_word' id='word_1_15' title='bbox 467 647 505 708; x_wconf 94' lang='lat' dir='ltr'>de</span> <span class='ocrx_word' id='word_1_16' title='bbox 522 647 619 707; x_wconf 86' lang='lat' dir='ltr'>Barba</span> <span class='ocrx_word' id='word_1_17' title='bbox 636 645 796 726; x_wconf 92' lang='lat' dir='ltr'>quondam</span> <span class='ocrx_word' id='word_1_18' title='bbox 815 647 910 707; x_wconf 89' lang='lat' dir='ltr'>Marci</span> <span class='ocrx_word' id='word_1_19' title='bbox 928 646 966 708; x_wconf 92' lang='lat' dir='ltr'>de</span> <span class='ocrx_word' id='word_1_20' title='bbox 983 648 1080 708; x_wconf 90' lang='lat' dir='ltr'>Barba</span> <span class='ocrx_word' id='word_1_21' title='bbox 1096 648 1226 710; x_wconf 86' lang='lat' dir='ltr'>Pisanus</span> <span class='ocrx_word' id='word_1_22' title='bbox 1244 649 1420 730; x_wconf 84' lang='lat' dir='ltr'>confirmat,</span> <span class='ocrx_word' id='word_1_23' title='bbox 1438 670 1472 711; x_wconf 83' lang='lat' dir='ltr'>se</span> <span class='ocrx_word' id='word_1_24' title='bbox 1488 670 1505 711; x_wconf 85' lang='lat' dir='ltr'>a</span> 
     </span>
     <span class='ocr_line' id='line_1_4' title="bbox 193 734 1504 821; baseline 0.001 -22"><span class='ocrx_word' id='word_1_25' title='bbox 193 736 341 799; x_wconf 87' lang='lat' dir='ltr'>Guidone</span> <span class='ocrx_word' id='word_1_26' title='bbox 352 736 464 813; x_wconf 84' lang='lat' dir='ltr'>Ciallo,</span> <span class='ocrx_word' id='word_1_27' title='bbox 476 735 540 797; x_wconf 90' lang='lat' dir='ltr'>hlio</span> <span class='ocrx_word' id='word_1_28' title='bbox 552 735 697 797; x_wconf 83' lang='lat' dir='ltr'>Matthaei</span> <span class='ocrx_word' id='word_1_29' title='bbox 708 734 809 813; x_wconf 87' lang='lat' dir='ltr'>Cialfi,</span> <span class='ocrx_word' id='word_1_30' title='bbox 821 736 948 797; x_wconf 88' lang='lat' dir='ltr'>concive</span> <span class='ocrx_word' id='word_1_31' title='bbox 960 737 1043 799; x_wconf 88' lang='lat' dir='ltr'>CCC</span> <span class='ocrx_word' id='word_1_32' title='bbox 1054 737 1202 799; x_wconf 89' lang='lat' dir='ltr'>bisantios</span> <span class='ocrx_word' id='word_1_33' title='bbox 1213 753 1326 800; x_wconf 89' lang='lat' dir='ltr'>mutuo</span> <span class='ocrx_word' id='word_1_34' title='bbox 1337 740 1504 821; x_wconf 87' lang='lat' dir='ltr'>accepisse.</span> 
     </span>
     <span class='ocr_line' id='line_1_5' title="bbox 191 824 1504 906; baseline 0.002 -19"><span class='ocrx_word' id='word_1_35' title='bbox 191 857 236 870; x_wconf 83' lang='lat'><em>-</em></span> <span class='ocrx_word' id='word_1_36' title='bbox 252 832 366 888; x_wconf 86' lang='lat' dir='ltr'>Actum</span> <span class='ocrx_word' id='word_1_37' title='bbox 384 845 489 887; x_wconf 89' lang='lat' dir='ltr'>coram</span> <span class='ocrx_word' id='word_1_38' title='bbox 505 825 670 886; x_wconf 89' lang='lat' dir='ltr'>Francisco</span> <span class='ocrx_word' id='word_1_39' title='bbox 681 824 838 905; x_wconf 86' lang='lat' dir='ltr'>Speciario</span> <span class='ocrx_word' id='word_1_40' title='bbox 849 826 1011 906; x_wconf 88' lang='lat' dir='ltr'>quondam</span> <span class='ocrx_word' id='word_1_41' title='bbox 1023 826 1187 888; x_wconf 88' lang='lat' dir='ltr'>Genovese</span> <span class='ocrx_word' id='word_1_42' title='bbox 1197 842 1227 888; x_wconf 94' lang='lat' dir='ltr'>et</span> <span class='ocrx_word' id='word_1_43' title='bbox 1236 827 1366 890; x_wconf 85' lang='lat' dir='ltr'>Tavena</span> <span class='ocrx_word' id='word_1_44' title='bbox 1377 828 1504 890; x_wconf 88' lang='lat' dir='ltr'>Ranerii</span> 
     </span>
     <span class='ocr_line' id='line_1_6' title="bbox 193 913 1505 997; baseline 0.002 -21"><span class='ocrx_word' id='word_1_45' title='bbox 193 916 230 976; x_wconf 94' lang='lat' dir='ltr'>de</span> <span class='ocrx_word' id='word_1_46' title='bbox 247 915 347 977; x_wconf 91' lang='lat' dir='ltr'>Senis.</span> <span class='ocrx_word' id='word_1_47' title='bbox 374 916 598 992; x_wconf 89' lang='lat' dir='ltr'>Bouaccursus,</span> <span class='ocrx_word' id='word_1_48' title='bbox 609 913 864 994; x_wconf 87' lang='lat' dir='ltr'>filiusquondam</span> <span class='ocrx_word' id='word_1_49' title='bbox 874 914 1043 992; x_wconf 88' lang='lat' dir='ltr'>Periccioli,</span> <span class='ocrx_word' id='word_1_50' title='bbox 1055 916 1251 997; x_wconf 82' lang='lat' dir='ltr'>Apostolicae</span> <span class='ocrx_word' id='word_1_51' title='bbox 1262 917 1352 979; x_wconf 86' lang='lat' dir='ltr'>Sedis</span> <span class='ocrx_word' id='word_1_52' title='bbox 1363 917 1505 979; x_wconf 88' lang='lat' dir='ltr'>notarius</span> 
     </span>
     <span class='ocr_line' id='line_1_7' title="bbox 193 1003 1504 1087; baseline 0.001 -21"><span class='ocrx_word' id='word_1_53' title='bbox 193 1005 347 1086; x_wconf 89' lang='lat' dir='ltr'>publicus,</span> <span class='ocrx_word' id='word_1_54' title='bbox 364 1004 484 1087; x_wconf 83' lang='lat' dir='ltr'>scripsit</span> <span class='ocrx_word' id='word_1_55' title='bbox 500 1003 549 1081; x_wconf 90' lang='lat' dir='ltr'>(G.</span> <span class='ocrx_word' id='word_1_56' title='bbox 568 1004 691 1078; x_wconf 77' lang='lat' dir='ltr'>Mulier,</span> <span class='ocrx_word' id='word_1_57' title='bbox 709 1022 738 1084; x_wconf 90' lang='lat' dir='ltr'>p.</span> <span class='ocrx_word' id='word_1_58' title='bbox 763 1024 943 1084; x_wconf 88' lang='lat'>104-105,</span> <span class='ocrx_word' id='word_1_59' title='bbox 961 1006 1021 1067; x_wconf 93' lang='grc' dir='ltr'>Νο.</span> <span class='ocrx_word' id='word_1_60' title='bbox 1040 1005 1136 1082; x_wconf 69' lang='lat'>711²).</span> <span class='ocrx_word' id='word_1_61' title='bbox 1413 1004 1504 1067; x_wconf 88' lang='grc'><strong>1455</strong></span> 
     </span>
    </p>
   </div>
   <div class='ocr_carea' id='block_1_3' title="bbox 192 1128 1506 2017">
    <p class='ocr_par' dir='ltr' id='par_1_3' title="bbox 192 1128 1506 2017">
     <span class='ocr_line' id='line_1_8' title="bbox 243 1128 1502 1210; baseline 0.004 -22"><span class='ocrx_word' id='word_1_62' title='bbox 243 1128 332 1190; x_wconf 86' lang='grc'><strong>1285</strong></span> <span class='ocrx_word' id='word_1_63' title='bbox 349 1128 421 1209; x_wconf 88' lang='lat' dir='ltr'>Maj.</span> <span class='ocrx_word' id='word_1_64' title='bbox 445 1132 491 1193; x_wconf 87' lang='lat'>18.</span> <span class='ocrx_word' id='word_1_65' title='bbox 526 1135 620 1193; x_wconf 83' lang='lat' dir='ltr'>Anno</span> <span class='ocrx_word' id='word_1_66' title='bbox 646 1132 684 1192; x_wconf 94' lang='lat' dir='ltr'>de</span> <span class='ocrx_word' id='word_1_67' title='bbox 707 1129 790 1210; x_wconf 79' lang='lat' dir='ltr'>gallo</span> <span class='ocrx_word' id='word_1_68' title='bbox 814 1131 851 1192; x_wconf 91' lang='lat' dir='ltr'>de</span> <span class='ocrx_word' id='word_1_69' title='bbox 873 1131 949 1192; x_wconf 89' lang='lat' dir='ltr'>luna</span> <span class='ocrx_word' id='word_1_70' title='bbox 972 1130 1068 1192; x_wconf 87' lang='lat' dir='ltr'>Madii</span> <span class='ocrx_word' id='word_1_71' title='bbox 1092 1130 1141 1190; x_wconf 92' lang='lat' dir='ltr'>die</span> <span class='ocrx_word' id='word_1_72' title='bbox 1163 1130 1260 1191; x_wconf 83' lang='lat' dir='ltr'>XVIII</span> <span class='ocrx_word' id='word_1_73' title='bbox 1282 1131 1315 1192; x_wconf 93' lang='lat' dir='ltr'>in</span> <span class='ocrx_word' id='word_1_74' title='bbox 1339 1131 1444 1194; x_wconf 91' lang='lat' dir='ltr'>Coris.</span> <span class='ocrx_word' id='word_1_75' title='bbox 1461 1167 1502 1176; x_wconf 97' lang='lat'><em>-</em></span> 
     </span>
     <span class='ocr_line' id='line_1_9' title="bbox 195 1220 1502 1301; baseline 0.003 -22"><span class='ocrx_word' id='word_1_76' title='bbox 195 1225 352 1299; x_wconf 78' lang='lat' dir='ltr'>Argonus,</span> <span class='ocrx_word' id='word_1_77' title='bbox 371 1239 504 1300; x_wconf 81' lang='lat' dir='ltr'>magnus</span> <span class='ocrx_word' id='word_1_78' title='bbox 519 1220 722 1282; x_wconf 88' lang='lat' dir='ltr'>Tartarorum</span> <span class='ocrx_word' id='word_1_79' title='bbox 740 1221 916 1301; x_wconf 90' lang='lat' dir='ltr'>imperator,</span> <span class='ocrx_word' id='word_1_80' title='bbox 934 1220 1079 1281; x_wconf 89' lang='lat' dir='ltr'>Honorio</span> <span class='ocrx_word' id='word_1_81' title='bbox 1095 1220 1145 1298; x_wconf 86' lang='lat' dir='ltr'>IV,</span> <span class='ocrx_word' id='word_1_82' title='bbox 1170 1220 1317 1282; x_wconf 87' lang='lat' dir='ltr'>Franciae</span> <span class='ocrx_word' id='word_1_83' title='bbox 1333 1236 1365 1283; x_wconf 93' lang='lat' dir='ltr'>et</span> <span class='ocrx_word' id='word_1_84' title='bbox 1381 1220 1502 1284; x_wconf 85' lang='lat' dir='ltr'>Siciliae</span> 
     </span>
     <span class='ocr_line' id='line_1_10' title="bbox 194 1309 1503 1391; baseline 0.003 -22"><span class='ocrx_word' id='word_1_85' title='bbox 194 1310 318 1390; x_wconf 84' lang='lat' dir='ltr'>regibus</span> <span class='ocrx_word' id='word_1_86' title='bbox 341 1309 454 1386; x_wconf 89' lang='lat' dir='ltr'>scribit,</span> <span class='ocrx_word' id='word_1_87' title='bbox 474 1330 506 1370; x_wconf 90' lang='lat' dir='ltr'>se</span> <span class='ocrx_word' id='word_1_88' title='bbox 528 1311 705 1391; x_wconf 83' lang='lat' dir='ltr'>exemplum</span> <span class='ocrx_word' id='word_1_89' title='bbox 723 1310 995 1391; x_wconf 89' lang='lat' dir='ltr'>praedecessorum</span> <span class='ocrx_word' id='word_1_90' title='bbox 1011 1329 1141 1371; x_wconf 92' lang='lat' dir='ltr'>suorum</span> <span class='ocrx_word' id='word_1_91' title='bbox 1159 1309 1312 1372; x_wconf 88' lang='lat' dir='ltr'>imitatum</span> <span class='ocrx_word' id='word_1_92' title='bbox 1328 1310 1503 1373; x_wconf 89' lang='lat' dir='ltr'>christianis</span> 
     </span>
     <span class='ocr_line' id='line_1_11' title="bbox 194 1398 1503 1480; baseline 0.002 -20"><span class='ocrx_word' id='word_1_93' title='bbox 194 1399 294 1460; x_wconf 83' lang='lat' dir='ltr'>favere</span> <span class='ocrx_word' id='word_1_94' title='bbox 311 1414 403 1480; x_wconf 91' lang='lat' dir='ltr'>atque</span> <span class='ocrx_word' id='word_1_95' title='bbox 421 1399 465 1460; x_wconf 91' lang='lat' dir='ltr'>lse</span> <span class='ocrx_word' id='word_1_96' title='bbox 482 1400 703 1474; x_wconf 89' lang='lat' dir='ltr'>turcimanum,</span> <span class='ocrx_word' id='word_1_97' title='bbox 722 1401 873 1478; x_wconf 79' lang='lat' dir='ltr'>bogacoc,</span> <span class='ocrx_word' id='word_1_98' title='bbox 892 1398 1048 1479; x_wconf 87' lang='lat' dir='ltr'>Mengilic,</span> <span class='ocrx_word' id='word_1_99' title='bbox 1065 1398 1224 1459; x_wconf 87' lang='lat' dir='ltr'>Thomam</span> <span class='ocrx_word' id='word_1_100' title='bbox 1240 1400 1456 1462; x_wconf 88' lang='lat' dir='ltr'>Banchrinum</span> <span class='ocrx_word' id='word_1_101' title='bbox 1473 1414 1503 1462; x_wconf 92' lang='lat' dir='ltr'>et</span> 
     </span>
     <span class='ocr_line' id='line_1_12' title="bbox 193 1487 1501 1567; baseline 0 -16"><span class='ocrx_word' id='word_1_102' title='bbox 193 1489 354 1567; x_wconf 82' lang='lat' dir='ltr'>Uguetum</span> <span class='ocrx_word' id='word_1_103' title='bbox 381 1489 591 1551; x_wconf 88' lang='lat' dir='ltr'>turcimanum</span> <span class='ocrx_word' id='word_1_104' title='bbox 617 1508 688 1550; x_wconf 90' lang='lat' dir='ltr'>cum</span> <span class='ocrx_word' id='word_1_105' title='bbox 712 1489 829 1550; x_wconf 86' lang='lat' dir='ltr'>exeniis</span> <span class='ocrx_word' id='word_1_106' title='bbox 852 1487 981 1567; x_wconf 90' lang='lat' dir='ltr'>mittere,</span> <span class='ocrx_word' id='word_1_107' title='bbox 1006 1489 1118 1549; x_wconf 90' lang='lat' dir='ltr'>deinde</span> <span class='ocrx_word' id='word_1_108' title='bbox 1142 1504 1260 1567; x_wconf 91' lang='lat' dir='ltr'>monet,</span> <span class='ocrx_word' id='word_1_109' title='bbox 1285 1504 1320 1551; x_wconf 91' lang='lat' dir='ltr'>ut</span> <span class='ocrx_word' id='word_1_110' title='bbox 1343 1490 1501 1552; x_wconf 89' lang='lat' dir='ltr'>christiani</span> 
     </span>
     <span class='ocr_line' id='line_1_13' title="bbox 193 1577 1502 1660; baseline 0.003 -22"><span class='ocrx_word' id='word_1_111' title='bbox 193 1578 399 1639; x_wconf 88' lang='lat' dir='ltr'>occidentales</span> <span class='ocrx_word' id='word_1_112' title='bbox 422 1578 461 1639; x_wconf 86' lang='lat' dir='ltr'>ad</span> <span class='ocrx_word' id='word_1_113' title='bbox 484 1592 595 1639; x_wconf 90' lang='lat' dir='ltr'>terram</span> <span class='ocrx_word' id='word_1_114' title='bbox 619 1578 720 1641; x_wconf 85' lang='lat' dir='ltr'>Scami</span> <span class='ocrx_word' id='word_1_115' title='bbox 744 1578 870 1659; x_wconf 76' lang='lat' dir='ltr'>(Syriae)</span> <span class='ocrx_word' id='word_1_116' title='bbox 887 1594 916 1638; x_wconf 89' lang='lat' dir='ltr'>et</span> <span class='ocrx_word' id='word_1_117' title='bbox 933 1578 1065 1660; x_wconf 83' lang='lat' dir='ltr'>Aegypti</span> <span class='ocrx_word' id='word_1_118' title='bbox 1089 1577 1253 1658; x_wconf 88' lang='lat' dir='ltr'>capiendas</span> <span class='ocrx_word' id='word_1_119' title='bbox 1276 1579 1424 1641; x_wconf 88' lang='lat' dir='ltr'>exercitui</span> <span class='ocrx_word' id='word_1_120' title='bbox 1444 1600 1502 1643; x_wconf 87' lang='lat' dir='ltr'>suo</span> 
     </span>
     <span class='ocr_line' id='line_1_14' title="bbox 193 1666 1501 1749; baseline 0.002 -21"><span class='ocrx_word' id='word_1_121' title='bbox 193 1667 343 1728; x_wconf 88' lang='lat' dir='ltr'>uniantur</span> <span class='ocrx_word' id='word_1_122' title='bbox 359 1666 533 1749; x_wconf 85' lang='lat' dir='ltr'>(Raynaldi,</span> <span class='ocrx_word' id='word_1_123' title='bbox 545 1669 656 1729; x_wconf 76' lang='lat' dir='ltr'>Annal.</span> <span class='ocrx_word' id='word_1_124' title='bbox 675 1669 732 1730; x_wconf 85' lang='grc'>118</span> <span class='ocrx_word' id='word_1_125' title='bbox 738 1690 765 1748; x_wconf 85' lang='lat'>5,</span> <span class='ocrx_word' id='word_1_126' title='bbox 777 1676 792 1737; x_wconf 79' lang='lat' dir='ltr'>s</span> <span class='ocrx_word' id='word_1_127' title='bbox 805 1670 951 1747; x_wconf 85' lang='lat'>79-80;</span> <span class='ocrx_word' id='word_1_128' title='bbox 971 1668 1148 1744; x_wconf 91' lang='lat' dir='ltr'>Moshemii‚</span> <span class='ocrx_word' id='word_1_129' title='bbox 1160 1668 1239 1728; x_wconf 82' lang='lat' dir='ltr'>Ilist.</span> <span class='ocrx_word' id='word_1_130' title='bbox 1250 1669 1370 1730; x_wconf 90' lang='lat' dir='ltr'>Tartar.</span> <span class='ocrx_word' id='word_1_131' title='bbox 1381 1670 1501 1746; x_wconf 79' lang='lat' dir='ltr'>eccles,</span> 
     </span>
     <span class='ocr_line' id='line_1_15' title="bbox 192 1756 1502 1840; baseline 0.003 -24"><span class='ocrx_word' id='word_1_132' title='bbox 192 1776 262 1838; x_wconf 93' lang='lat' dir='ltr'>app.</span> <span class='ocrx_word' id='word_1_133' title='bbox 281 1777 311 1837; x_wconf 90' lang='lat' dir='ltr'>p.</span> <span class='ocrx_word' id='word_1_134' title='bbox 330 1757 472 1837; x_wconf 86' lang='lat'>84—85,</span> <span class='ocrx_word' id='word_1_135' title='bbox 489 1758 549 1819; x_wconf 95' lang='lat' dir='ltr'>No.</span> <span class='ocrx_word' id='word_1_136' title='bbox 570 1776 627 1838; x_wconf 85' lang='lat'>25;</span> <span class='ocrx_word' id='word_1_137' title='bbox 660 1757 753 1834; x_wconf 88' lang='lat' dir='ltr'>Pron,</span> <span class='ocrx_word' id='word_1_138' title='bbox 772 1756 926 1836; x_wconf 85' lang='lat' dir='ltr'>Registres</span> <span class='ocrx_word' id='word_1_139' title='bbox 943 1756 1139 1817; x_wconf 76' lang='lat' dir='ltr'>d&#39;Honorius</span> <span class='ocrx_word' id='word_1_140' title='bbox 1155 1757 1205 1832; x_wconf 92' lang='lat' dir='ltr'>IV,</span> <span class='ocrx_word' id='word_1_141' title='bbox 1227 1757 1295 1840; x_wconf 89' lang='lat' dir='ltr'>1,p.</span> <span class='ocrx_word' id='word_1_142' title='bbox 1314 1759 1502 1839; x_wconf 82' lang='lat'>346-347,</span> 
     </span>
     <span class='ocr_line' id='line_1_16' title="bbox 193 1846 1506 1928; baseline 0.002 -21"><span class='ocrx_word' id='word_1_143' title='bbox 193 1847 253 1907; x_wconf 92' lang='grc' dir='ltr'>Νο.</span> <span class='ocrx_word' id='word_1_144' title='bbox 271 1847 352 1925; x_wconf 74' lang='lat'>4893</span> <span class='ocrx_word' id='word_1_145' title='bbox 380 1846 417 1907; x_wconf 85' lang='lat' dir='ltr'>cf.</span> <span class='ocrx_word' id='word_1_146' title='bbox 436 1846 584 1907; x_wconf 84' lang='lat' dir='ltr'>Remusat</span> <span class='ocrx_word' id='word_1_147' title='bbox 601 1846 663 1923; x_wconf 91' lang='lat' dir='ltr'>Vll,</span> <span class='ocrx_word' id='word_1_148' title='bbox 685 1867 714 1928; x_wconf 94' lang='lat' dir='ltr'>p.</span> <span class='ocrx_word' id='word_1_149' title='bbox 734 1849 807 1928; x_wconf 86' lang='lat'>358,</span> <span class='ocrx_word' id='word_1_150' title='bbox 824 1848 1011 1927; x_wconf 81' lang='lat'>426-427,</span> <span class='ocrx_word' id='word_1_151' title='bbox 1031 1847 1090 1907; x_wconf 93' lang='lat' dir='ltr'>No.</span> <span class='ocrx_word' id='word_1_152' title='bbox 1109 1848 1145 1920; x_wconf 78' lang='lat'>63</span> <span class='ocrx_word' id='word_1_153' title='bbox 1173 1846 1264 1926; x_wconf 91' lang='lat' dir='ltr'>Yule,</span> <span class='ocrx_word' id='word_1_154' title='bbox 1281 1847 1352 1908; x_wconf 90' lang='lat' dir='ltr'>The</span> <span class='ocrx_word' id='word_1_155' title='bbox 1369 1850 1454 1909; x_wconf 84' lang='lat' dir='ltr'>book</span> <span class='ocrx_word' id='word_1_156' title='bbox 1470 1849 1506 1909; x_wconf 83' lang='lat' dir='ltr'>of</span> 
     </span>
     <span class='ocr_line' id='line_1_17' title="bbox 192 1935 1502 2017; baseline 0 -21"><span class='ocrx_word' id='word_1_157' title='bbox 192 1935 248 1996; x_wconf 90' lang='lat' dir='ltr'>Ser</span> <span class='ocrx_word' id='word_1_158' title='bbox 265 1936 371 1997; x_wconf 88' lang='lat' dir='ltr'>Marco</span> <span class='ocrx_word' id='word_1_159' title='bbox 386 1935 464 1997; x_wconf 88' lang='lat' dir='ltr'>Polo</span> <span class='ocrx_word' id='word_1_160' title='bbox 481 1936 516 2013; x_wconf 92' lang='lat' dir='ltr'>ll,</span> <span class='ocrx_word' id='word_1_161' title='bbox 534 1956 563 2017; x_wconf 88' lang='lat' dir='ltr'>p.</span> <span class='ocrx_word' id='word_1_162' title='bbox 581 1937 667 2016; x_wconf 72' lang='lat'>476).</span> <span class='ocrx_word' id='word_1_163' title='bbox 1412 1935 1502 1997; x_wconf 85' lang='grc'><strong>1456</strong></span> 
     </span>
    </p>
   </div>
   <div class='ocr_carea' id='block_1_4' title="bbox 191 2051 1502 3296">
    <p class='ocr_par' dir='ltr' id='par_1_4' title="bbox 191 2051 1502 3296">
     <span class='ocr_line' id='line_1_18' title="bbox 276 2051 1502 2134; baseline 0.002 -21"><span class='ocrx_word' id='word_1_164' title='bbox 276 2097 296 2130; x_wconf 92' lang='grc'>,,</span> <span class='ocrx_word' id='word_1_165' title='bbox 342 2051 1502 2134; x_wconf 75' lang='lat' dir='ltr'>Jun.6.—-Mdlilral-Mansdr,soldanusAegypti,etLeolll,rexArmeniae,</span> 
     </span>
     <span class='ocr_line' id='line_1_19' title="bbox 194 2141 1502 2224; baseline 0.003 -23"><span class='ocrx_word' id='word_1_166' title='bbox 194 2160 300 2222; x_wconf 85' lang='lat' dir='ltr'>pacem</span> <span class='ocrx_word' id='word_1_167' title='bbox 324 2141 437 2202; x_wconf 88' lang='lat' dir='ltr'>abhinc</span> <span class='ocrx_word' id='word_1_168' title='bbox 460 2141 492 2202; x_wconf 93' lang='lat' dir='ltr'>in</span> <span class='ocrx_word' id='word_1_169' title='bbox 516 2142 671 2220; x_wconf 87' lang='lat' dir='ltr'>Xannos,</span> <span class='ocrx_word' id='word_1_170' title='bbox 694 2142 722 2203; x_wconf 97' lang='lat' dir='ltr'>X</span> <span class='ocrx_word' id='word_1_171' title='bbox 746 2161 869 2203; x_wconf 87' lang='lat' dir='ltr'>menses</span> <span class='ocrx_word' id='word_1_172' title='bbox 893 2158 921 2202; x_wconf 88' lang='lat' dir='ltr'>et</span> <span class='ocrx_word' id='word_1_173' title='bbox 944 2142 1080 2202; x_wconf 89' lang='lat' dir='ltr'>Xhoras</span> <span class='ocrx_word' id='word_1_174' title='bbox 1104 2143 1263 2203; x_wconf 84' lang='lat' dir='ltr'>valituram</span> <span class='ocrx_word' id='word_1_175' title='bbox 1287 2141 1417 2221; x_wconf 87' lang='lat' dir='ltr'>faciunt,</span> <span class='ocrx_word' id='word_1_176' title='bbox 1441 2163 1502 2224; x_wconf 86' lang='lat' dir='ltr'>qua</span> 
     </span>
     <span class='ocr_line' id='line_1_20' title="bbox 193 2230 1502 2314; baseline 0.004 -24"><span class='ocrx_word' id='word_1_177' title='bbox 193 2231 506 2312; x_wconf 90' lang='lat' dir='ltr'>comprehenduntur</span> <span class='ocrx_word' id='word_1_178' title='bbox 522 2231 560 2292; x_wconf 92' lang='lat' dir='ltr'>de</span> <span class='ocrx_word' id='word_1_179' title='bbox 578 2251 640 2292; x_wconf 90' lang='lat' dir='ltr'>una</span> <span class='ocrx_word' id='word_1_180' title='bbox 656 2247 756 2314; x_wconf 90' lang='lat' dir='ltr'>parte:</span> <span class='ocrx_word' id='word_1_181' title='bbox 774 2238 946 2313; x_wconf 80' lang='lat' dir='ltr'>Aegyptus,</span> <span class='ocrx_word' id='word_1_182' title='bbox 963 2248 1041 2292; x_wconf 90' lang='lat' dir='ltr'>terra</span> <span class='ocrx_word' id='word_1_183' title='bbox 1057 2232 1095 2292; x_wconf 92' lang='lat' dir='ltr'>de</span> <span class='ocrx_word' id='word_1_184' title='bbox 1112 2231 1215 2307; x_wconf 89' lang='lat' dir='ltr'>Sabel,</span> <span class='ocrx_word' id='word_1_185' title='bbox 1231 2230 1383 2294; x_wconf 89' lang='lat' dir='ltr'>territoria</span> <span class='ocrx_word' id='word_1_186' title='bbox 1400 2234 1502 2295; x_wconf 88' lang='lat' dir='ltr'>Karak</span> 
     </span>
     <span class='ocr_line' id='line_1_21' title="bbox 193 2319 1501 2400; baseline 0.003 -20"><span class='ocrx_word' id='word_1_187' title='bbox 193 2334 222 2380; x_wconf 92' lang='lat' dir='ltr'>et</span> <span class='ocrx_word' id='word_1_188' title='bbox 248 2321 421 2392; x_wconf 84' lang='lat' dir='ltr'>Schaubak,</span> <span class='ocrx_word' id='word_1_189' title='bbox 448 2320 520 2398; x_wconf 90' lang='lat' dir='ltr'>Salt,</span> <span class='ocrx_word' id='word_1_190' title='bbox 547 2320 650 2398; x_wconf 82' lang='lat' dir='ltr'>Bella,</span> <span class='ocrx_word' id='word_1_191' title='bbox 678 2319 805 2400; x_wconf 82' lang='lat' dir='ltr'>Adjlun,</span> <span class='ocrx_word' id='word_1_192' title='bbox 832 2320 980 2397; x_wconf 85' lang='lat' dir='ltr'>Sarkhad,</span> <span class='ocrx_word' id='word_1_193' title='bbox 1007 2320 1173 2394; x_wconf 88' lang='lat' dir='ltr'>Subaibah,</span> <span class='ocrx_word' id='word_1_194' title='bbox 1197 2320 1288 2382; x_wconf 89' lang='lat' dir='ltr'>Safed</span> <span class='ocrx_word' id='word_1_195' title='bbox 1313 2337 1343 2382; x_wconf 93' lang='lat' dir='ltr'>et</span> <span class='ocrx_word' id='word_1_196' title='bbox 1366 2321 1501 2399; x_wconf 82' lang='lat' dir='ltr'>Schalril,</span> 
     </span>
     <span class='ocr_line' id='line_1_22' title="bbox 195 2409 1502 2491; baseline 0.004 -22"><span class='ocrx_word' id='word_1_197' title='bbox 195 2410 375 2489; x_wconf 86' lang='lat' dir='ltr'>Damascus,</span> <span class='ocrx_word' id='word_1_198' title='bbox 394 2409 503 2487; x_wconf 89' lang='lat' dir='ltr'>Herns,</span> <span class='ocrx_word' id='word_1_199' title='bbox 522 2410 650 2470; x_wconf 89' lang='lat' dir='ltr'>Rahbah</span> <span class='ocrx_word' id='word_1_200' title='bbox 675 2426 703 2470; x_wconf 91' lang='lat' dir='ltr'>et</span> <span class='ocrx_word' id='word_1_201' title='bbox 720 2410 836 2489; x_wconf 87' lang='lat' dir='ltr'>omnia,</span> <span class='ocrx_word' id='word_1_202' title='bbox 854 2429 934 2490; x_wconf 91' lang='lat' dir='ltr'>quae</span> <span class='ocrx_word' id='word_1_203' title='bbox 950 2410 1100 2471; x_wconf 88' lang='lat' dir='ltr'>soldanus</span> <span class='ocrx_word' id='word_1_204' title='bbox 1124 2409 1213 2491; x_wconf 89' lang='lat' dir='ltr'>cepit,</span> <span class='ocrx_word' id='word_1_205' title='bbox 1237 2410 1359 2471; x_wconf 85' lang='lat' dir='ltr'>castella</span> <span class='ocrx_word' id='word_1_206' title='bbox 1375 2411 1502 2474; x_wconf 83' lang='lat' dir='ltr'>Cordo·</span> 
     </span>
     <span class='ocr_line' id='line_1_23' title="bbox 193 2498 1500 2579; baseline 0.002 -20"><span class='ocrx_word' id='word_1_207' title='bbox 193 2518 274 2577; x_wconf 89' lang='lat' dir='ltr'>rum,</span> <span class='ocrx_word' id='word_1_208' title='bbox 294 2499 405 2577; x_wconf 84' lang='lat' dir='ltr'>Akkar,</span> <span class='ocrx_word' id='word_1_209' title='bbox 425 2500 610 2578; x_wconf 81' lang='lat' dir='ltr'>Margatum,</span> <span class='ocrx_word' id='word_1_210' title='bbox 626 2499 777 2579; x_wconf 88' lang='lat' dir='ltr'>Balanias,</span> <span class='ocrx_word' id='word_1_211' title='bbox 794 2500 910 2561; x_wconf 90' lang='lat' dir='ltr'>Beldah</span> <span class='ocrx_word' id='word_1_212' title='bbox 928 2515 957 2559; x_wconf 91' lang='lat' dir='ltr'>et</span> <span class='ocrx_word' id='word_1_213' title='bbox 973 2498 1132 2576; x_wconf 78' lang='lat' dir='ltr'>Diebalah,</span> <span class='ocrx_word' id='word_1_214' title='bbox 1150 2499 1314 2579; x_wconf 88' lang='lat' dir='ltr'>Laodicea,</span> <span class='ocrx_word' id='word_1_215' title='bbox 1332 2499 1500 2578; x_wconf 81' lang='lat' dir='ltr'>Derbesalr,</span> 
     </span>
     <span class='ocr_line' id='line_1_24' title="bbox 194 2587 1501 2669; baseline 0.001 -20"><span class='ocrx_word' id='word_1_216' title='bbox 194 2588 317 2664; x_wconf 87' lang='lat' dir='ltr'>Aintab,</span> <span class='ocrx_word' id='word_1_217' title='bbox 334 2588 426 2650; x_wconf 89' lang='lat' dir='ltr'>turris</span> <span class='ocrx_word' id='word_1_218' title='bbox 443 2587 531 2648; x_wconf 67' lang='lat' dir='ltr'>Risus</span> <span class='ocrx_word' id='word_1_219' title='bbox 547 2588 610 2650; x_wconf 90' lang='lat' dir='ltr'>sive</span> <span class='ocrx_word' id='word_1_220' title='bbox 628 2589 783 2669; x_wconf 87' lang='lat' dir='ltr'>plumbea,</span> <span class='ocrx_word' id='word_1_221' title='bbox 794 2587 1211 2667; x_wconf 87' lang='lat' dir='ltr'>Ravendan,Tell-bascher,</span> <span class='ocrx_word' id='word_1_222' title='bbox 1224 2587 1382 2669; x_wconf 81' lang='lat' dir='ltr'>Manbedi,</span> <span class='ocrx_word' id='word_1_223' title='bbox 1393 2590 1501 2652; x_wconf 88' lang='lat' dir='ltr'>castel-</span> 
     </span>
     <span class='ocr_line' id='line_1_25' title="bbox 192 2676 1501 2756; baseline 0.002 -17"><span class='ocrx_word' id='word_1_224' title='bbox 192 2678 257 2739; x_wconf 91' lang='lat' dir='ltr'>lum</span> <span class='ocrx_word' id='word_1_225' title='bbox 277 2676 399 2755; x_wconf 87' lang='lat' dir='ltr'>Djabat,</span> <span class='ocrx_word' id='word_1_226' title='bbox 416 2676 604 2739; x_wconf 89' lang='lat' dir='ltr'>territorium</span> <span class='ocrx_word' id='word_1_227' title='bbox 621 2678 700 2754; x_wconf 90' lang='lat' dir='ltr'>Bira,</span> <span class='ocrx_word' id='word_1_228' title='bbox 719 2679 845 2755; x_wconf 86' lang='lat' dir='ltr'>Karkar,</span> <span class='ocrx_word' id='word_1_229' title='bbox 863 2678 994 2755; x_wconf 85' lang='lat' dir='ltr'>Kahhta,</span> <span class='ocrx_word' id='word_1_230' title='bbox 1019 2677 1139 2756; x_wconf 89' lang='lat' dir='ltr'>Katina,</span> <span class='ocrx_word' id='word_1_231' title='bbox 1163 2679 1240 2740; x_wconf 90' lang='lat' dir='ltr'>Balu</span> <span class='ocrx_word' id='word_1_232' title='bbox 1259 2696 1333 2740; x_wconf 91' lang='lat' dir='ltr'>curn</span> <span class='ocrx_word' id='word_1_233' title='bbox 1351 2680 1501 2743; x_wconf 91' lang='lat' dir='ltr'>omnibus</span> 
     </span>
     <span class='ocr_line' id='line_1_26' title="bbox 192 2765 1500 2849; baseline 0.002 -21"><span class='ocrx_word' id='word_1_234' title='bbox 192 2766 386 2848; x_wconf 90' lang='lat' dir='ltr'>pertinentiis</span> <span class='ocrx_word' id='word_1_235' title='bbox 409 2766 503 2848; x_wconf 90' lang='lat' dir='ltr'>captis</span> <span class='ocrx_word' id='word_1_236' title='bbox 526 2782 556 2827; x_wconf 90' lang='lat' dir='ltr'>et</span> <span class='ocrx_word' id='word_1_237' title='bbox 579 2767 746 2849; x_wconf 90' lang='lat' dir='ltr'>capiendis,</span> <span class='ocrx_word' id='word_1_238' title='bbox 771 2767 810 2829; x_wconf 93' lang='lat' dir='ltr'>de</span> <span class='ocrx_word' id='word_1_239' title='bbox 832 2765 924 2828; x_wconf 88' lang='lat' dir='ltr'>altera</span> <span class='ocrx_word' id='word_1_240' title='bbox 949 2782 1032 2848; x_wconf 90' lang='lat' dir='ltr'>parte</span> <span class='ocrx_word' id='word_1_241' title='bbox 1056 2786 1189 2847; x_wconf 86' lang='lat' dir='ltr'>regnum</span> <span class='ocrx_word' id='word_1_242' title='bbox 1212 2768 1285 2829; x_wconf 91' lang='lat' dir='ltr'>dicti</span> <span class='ocrx_word' id='word_1_243' title='bbox 1309 2768 1427 2830; x_wconf 89' lang='lat' dir='ltr'>Leonis</span> <span class='ocrx_word' id='word_1_244' title='bbox 1443 2772 1500 2831; x_wconf 89' lang='lat' dir='ltr'>sub</span> 
     </span>
     <span class='ocr_line' id='line_1_27' title="bbox 191 2855 1501 2936; baseline 0.002 -20"><span class='ocrx_word' id='word_1_245' title='bbox 191 2856 275 2936; x_wconf 85' lang='lat' dir='ltr'>gravi</span> <span class='ocrx_word' id='word_1_246' title='bbox 286 2855 413 2917; x_wconf 88' lang='lat' dir='ltr'>annuali</span> <span class='ocrx_word' id='word_1_247' title='bbox 423 2856 539 2917; x_wconf 91' lang='lat' dir='ltr'>tributo</span> <span class='ocrx_word' id='word_1_248' title='bbox 550 2857 732 2935; x_wconf 91' lang='lat' dir='ltr'>tenendum,</span> <span class='ocrx_word' id='word_1_249' title='bbox 750 2857 801 2918; x_wconf 92' lang='lat' dir='ltr'>cui</span> <span class='ocrx_word' id='word_1_250' title='bbox 818 2875 891 2917; x_wconf 91' lang='lat' dir='ltr'>vero</span> <span class='ocrx_word' id='word_1_251' title='bbox 908 2856 1103 2921; x_wconf 87' lang='lat' dir='ltr'>munimenta</span> <span class='ocrx_word' id='word_1_252' title='bbox 1119 2873 1298 2918; x_wconf 87' lang='lat' dir='ltr'>construere</span> <span class='ocrx_word' id='word_1_253' title='bbox 1315 2877 1382 2920; x_wconf 91' lang='lat' dir='ltr'>non</span> <span class='ocrx_word' id='word_1_254' title='bbox 1398 2858 1501 2921; x_wconf 89' lang='lat' dir='ltr'>licebit</span> 
     </span>
     <span class='ocr_line' id='line_1_28' title="bbox 192 2943 1499 3029; baseline 0.002 -23"><span class='ocrx_word' id='word_1_255' title='bbox 192 2945 406 3022; x_wconf 74' lang='lat' dir='ltr'>(Quatremere</span> <span class='ocrx_word' id='word_1_256' title='bbox 432 2945 500 3023; x_wconf 76' lang='lat' dir='ltr'>llh,</span> <span class='ocrx_word' id='word_1_257' title='bbox 526 2965 555 3028; x_wconf 94' lang='lat' dir='ltr'>p.</span> <span class='ocrx_word' id='word_1_258' title='bbox 580 2947 694 3007; x_wconf 87' lang='lat'>166-</span> <span class='ocrx_word' id='word_1_259' title='bbox 712 2966 769 3012; x_wconf 85' lang='lat'>172</span> <span class='ocrx_word' id='word_1_260' title='bbox 796 2943 945 3026; x_wconf 87' lang='lat' dir='ltr'>[arabice],</span> <span class='ocrx_word' id='word_1_261' title='bbox 970 2966 999 3028; x_wconf 94' lang='lat' dir='ltr'>p.</span> <span class='ocrx_word' id='word_1_262' title='bbox 1020 2965 1204 3026; x_wconf 82' lang='lat'>203—212</span> <span class='ocrx_word' id='word_1_263' title='bbox 1230 2944 1340 3027; x_wconf 91' lang='lat' dir='ltr'>[versio</span> <span class='ocrx_word' id='word_1_264' title='bbox 1363 2945 1499 3029; x_wconf 84' lang='lat' dir='ltr'>gallica];</span> 
     </span>
     <span class='ocr_line' id='line_1_29' title="bbox 193 3034 1501 3118; baseline 0.001 -21"><span class='ocrx_word' id='word_1_265' title='bbox 193 3035 352 3113; x_wconf 85' lang='lat' dir='ltr'>Michaud,</span> <span class='ocrx_word' id='word_1_266' title='bbox 368 3035 446 3097; x_wconf 91' lang='lat' dir='ltr'>Bibl.</span> <span class='ocrx_word' id='word_1_267' title='bbox 464 3036 494 3096; x_wconf 92' lang='lat' dir='ltr'>d.</span> <span class='ocrx_word' id='word_1_268' title='bbox 512 3035 641 3097; x_wconf 91' lang='lat' dir='ltr'>croisad.</span> <span class='ocrx_word' id='word_1_269' title='bbox 659 3035 693 3112; x_wconf 95' lang='lat' dir='ltr'>ll,</span> <span class='ocrx_word' id='word_1_270' title='bbox 711 3054 741 3117; x_wconf 95' lang='lat' dir='ltr'>p.</span> <span class='ocrx_word' id='word_1_271' title='bbox 761 3054 965 3111; x_wconf 87' lang='lat' dir='ltr'>700—7or;</span> <span class='ocrx_word' id='word_1_272' title='bbox 999 3034 1153 3108; x_wconf 89' lang='lat' dir='ltr'>Reinaud,</span> <span class='ocrx_word' id='word_1_273' title='bbox 1177 3035 1317 3116; x_wconf 88' lang='lat' dir='ltr'>Extraits,</span> <span class='ocrx_word' id='word_1_274' title='bbox 1342 3056 1372 3118; x_wconf 90' lang='lat' dir='ltr'>p.</span> <span class='ocrx_word' id='word_1_275' title='bbox 1394 3057 1501 3118; x_wconf 79' lang='lat'><strong>552-</strong></span> 
     </span>
     <span class='ocr_line' id='line_1_30' title="bbox 195 3123 1501 3206; baseline 0.003 -22"><span class='ocrx_word' id='word_1_276' title='bbox 195 3144 273 3205; x_wconf 81' lang='lat'><strong>557;</strong></span> <span class='ocrx_word' id='word_1_277' title='bbox 292 3123 431 3204; x_wconf 85' lang='lat' dir='ltr'>Wilhen,</span> <span class='ocrx_word' id='word_1_278' title='bbox 448 3124 560 3187; x_wconf 90' lang='lat' dir='ltr'>Gescb.</span> <span class='ocrx_word' id='word_1_279' title='bbox 578 3125 608 3186; x_wconf 93' lang='lat' dir='ltr'>d.</span> <span class='ocrx_word' id='word_1_280' title='bbox 627 3125 884 3204; x_wconf 85' lang='lat' dir='ltr'>KreuzzugeVll,</span> <span class='ocrx_word' id='word_1_281' title='bbox 901 3144 971 3205; x_wconf 86' lang='lat' dir='ltr'>app.</span> <span class='ocrx_word' id='word_1_282' title='bbox 990 3142 1019 3205; x_wconf 90' lang='lat' dir='ltr'>p.</span> <span class='ocrx_word' id='word_1_283' title='bbox 1036 3124 1189 3205; x_wconf 87' lang='lat' dir='ltr'>X—LlV,</span> <span class='ocrx_word' id='word_1_284' title='bbox 1207 3126 1267 3187; x_wconf 92' lang='lat' dir='ltr'>No.</span> <span class='ocrx_word' id='word_1_285' title='bbox 1290 3145 1321 3202; x_wconf 90' lang='lat'>1;</span> <span class='ocrx_word' id='word_1_286' title='bbox 1341 3125 1501 3206; x_wconf 86' lang='lat' dir='ltr'>Lauglois,</span> 
     </span>
     <span class='ocr_line' id='line_1_31' title="bbox 194 3213 1499 3296; baseline 0.002 -22"><span class='ocrx_word' id='word_1_287' title='bbox 194 3234 224 3295; x_wconf 92' lang='lat' dir='ltr'>p.</span> <span class='ocrx_word' id='word_1_288' title='bbox 244 3234 393 3294; x_wconf 82' lang='lat'><strong>217—23</strong></span> <span class='ocrx_word' id='word_1_289' title='bbox 405 3235 429 3293; x_wconf 93' lang='grc'>1,</span> <span class='ocrx_word' id='word_1_290' title='bbox 446 3214 508 3275; x_wconf 90' lang='grc' dir='ltr'>Νο.</span> <span class='ocrx_word' id='word_1_291' title='bbox 526 3215 563 3291; x_wconf 86' lang='grc'>6;</span> <span class='ocrx_word' id='word_1_292' title='bbox 588 3214 625 3275; x_wconf 86' lang='lat' dir='ltr'>cf.</span> <span class='ocrx_word' id='word_1_293' title='bbox 643 3215 689 3275; x_wconf 90' lang='lat' dir='ltr'>De</span> <span class='ocrx_word' id='word_1_294' title='bbox 709 3215 775 3276; x_wconf 87' lang='lat' dir='ltr'>Mas</span> <span class='ocrx_word' id='word_1_295' title='bbox 791 3214 891 3275; x_wconf 89' lang='lat' dir='ltr'>Latrie</span> <span class='ocrx_word' id='word_1_296' title='bbox 908 3214 930 3292; x_wconf 90' lang='lat' dir='ltr'>I,</span> <span class='ocrx_word' id='word_1_297' title='bbox 948 3234 977 3296; x_wconf 90' lang='lat' dir='ltr'>p.</span> <span class='ocrx_word' id='word_1_298' title='bbox 995 3213 1080 3294; x_wconf 81' lang='lat'>476).</span> <span class='ocrx_word' id='word_1_299' title='bbox 1411 3213 1499 3276; x_wconf 88' lang='grc'><strong>1457</strong></span> 
     </span>
    </p>
   </div>
   <div class='ocr_carea' id='block_1_5' title="bbox 191 3329 1501 4842">
    <p class='ocr_par' dir='ltr' id='par_1_5' title="bbox 191 3329 1501 4842">
     <span class='ocr_line' id='line_1_32' title="bbox 273 3329 1500 3412; baseline 0.001 -21"><span class='ocrx_word' id='word_1_300' title='bbox 273 3375 292 3409; x_wconf 92' lang='grc'>,,</span> <span class='ocrx_word' id='word_1_301' title='bbox 338 3330 397 3392; x_wconf 93' lang='lat' dir='ltr'>Jul.</span> <span class='ocrx_word' id='word_1_302' title='bbox 421 3333 468 3393; x_wconf 88' lang='lat'>18.</span> <span class='ocrx_word' id='word_1_303' title='bbox 493 3364 538 3374; x_wconf 93' lang='lat'>—</span> <span class='ocrx_word' id='word_1_304' title='bbox 563 3330 658 3394; x_wconf 71' lang='lat' dir='ltr'>Malilr</span> <span class='ocrx_word' id='word_1_305' title='bbox 675 3331 859 3410; x_wconf 79' lang='lat' dir='ltr'>al-Mansur,</span> <span class='ocrx_word' id='word_1_306' title='bbox 876 3329 1026 3393; x_wconf 89' lang='lat' dir='ltr'>soldanus</span> <span class='ocrx_word' id='word_1_307' title='bbox 1043 3330 1187 3412; x_wconf 86' lang='lat' dir='ltr'>Aegypti,</span> <span class='ocrx_word' id='word_1_308' title='bbox 1211 3349 1282 3392; x_wconf 88' lang='lat' dir='ltr'>cum</span> <span class='ocrx_word' id='word_1_309' title='bbox 1306 3332 1500 3411; x_wconf 84' lang='lat' dir='ltr'>Margaretha</span> 
     </span>
     <span class='ocr_line' id='line_1_33' title="bbox 192 3419 1501 3502; baseline 0.002 -21"><span class='ocrx_word' id='word_1_310' title='bbox 192 3420 346 3500; x_wconf 76' lang='lat' dir='ltr'>(Mararit),</span> <span class='ocrx_word' id='word_1_311' title='bbox 364 3419 425 3482; x_wconf 85' lang='lat' dir='ltr'>filia</span> <span class='ocrx_word' id='word_1_312' title='bbox 444 3420 564 3482; x_wconf 92' lang='lat' dir='ltr'>domini</span> <span class='ocrx_word' id='word_1_313' title='bbox 583 3421 720 3499; x_wconf 87' lang='lat' dir='ltr'>Henrici,</span> <span class='ocrx_word' id='word_1_314' title='bbox 731 3420 784 3482; x_wconf 87' lang='lat' dir='ltr'>filii</span> <span class='ocrx_word' id='word_1_315' title='bbox 803 3419 950 3502; x_wconf 87' lang='lat' dir='ltr'>principis</span> <span class='ocrx_word' id='word_1_316' title='bbox 967 3420 1297 3501; x_wconf 89' lang='lat' dir='ltr'>Boamundi,Tyrensi</span> <span class='ocrx_word' id='word_1_317' title='bbox 1314 3420 1455 3501; x_wconf 88' lang='lat' dir='ltr'>domina,</span> <span class='ocrx_word' id='word_1_318' title='bbox 1472 3437 1501 3483; x_wconf 90' lang='lat' dir='ltr'>et</span> 
     </span>
     <span class='ocr_line' id='line_1_34' title="bbox 191 3508 1500 3591; baseline -0.001 -20"><span class='ocrx_word' id='word_1_319' title='bbox 191 3508 331 3586; x_wconf 86' lang='lat' dir='ltr'>ejusdem</span> <span class='ocrx_word' id='word_1_320' title='bbox 347 3509 461 3571; x_wconf 88' lang='lat' dir='ltr'>vicario</span> <span class='ocrx_word' id='word_1_321' title='bbox 477 3509 590 3571; x_wconf 90' lang='lat' dir='ltr'>comite</span> <span class='ocrx_word' id='word_1_322' title='bbox 607 3510 742 3571; x_wconf 85' lang='lat' dir='ltr'>Raimon</span> <span class='ocrx_word' id='word_1_323' title='bbox 759 3510 889 3571; x_wconf 88' lang='lat' dir='ltr'>Jashend</span> <span class='ocrx_word' id='word_1_324' title='bbox 905 3511 925 3587; x_wconf 78' lang='lat'>¹)</span> <span class='ocrx_word' id='word_1_325' title='bbox 950 3528 1057 3591; x_wconf 87' lang='lat' dir='ltr'>pacem</span> <span class='ocrx_word' id='word_1_326' title='bbox 1079 3508 1193 3570; x_wconf 89' lang='lat' dir='ltr'>abhinc</span> <span class='ocrx_word' id='word_1_327' title='bbox 1214 3509 1246 3571; x_wconf 93' lang='lat' dir='ltr'>in</span> <span class='ocrx_word' id='word_1_328' title='bbox 1261 3510 1291 3571; x_wconf 95' lang='lat' dir='ltr'>X</span> <span class='ocrx_word' id='word_1_329' title='bbox 1306 3530 1409 3572; x_wconf 89' lang='lat' dir='ltr'>annos</span> <span class='ocrx_word' id='word_1_330' title='bbox 1425 3510 1500 3572; x_wconf 86' lang='lat' dir='ltr'>vali-</span> 
     </span>
     <span class='ocr_line' id='line_1_35' title="bbox 191 3598 1501 3681; baseline 0.003 -23"><span class='ocrx_word' id='word_1_331' title='bbox 191 3614 293 3660; x_wconf 89' lang='lat' dir='ltr'>turam</span> <span class='ocrx_word' id='word_1_332' title='bbox 317 3599 396 3676; x_wconf 88' lang='lat' dir='ltr'>facit,</span> <span class='ocrx_word' id='word_1_333' title='bbox 420 3619 482 3680; x_wconf 90' lang='lat' dir='ltr'>qua</span> <span class='ocrx_word' id='word_1_334' title='bbox 505 3600 816 3680; x_wconf 89' lang='lat' dir='ltr'>comprehenduntur</span> <span class='ocrx_word' id='word_1_335' title='bbox 840 3618 951 3661; x_wconf 88' lang='lat' dir='ltr'>omnes</span> <span class='ocrx_word' id='word_1_336' title='bbox 976 3614 1072 3660; x_wconf 88' lang='lat' dir='ltr'>terrae</span> <span class='ocrx_word' id='word_1_337' title='bbox 1098 3598 1219 3659; x_wconf 90' lang='lat' dir='ltr'>soldani</span> <span class='ocrx_word' id='word_1_338' title='bbox 1244 3598 1276 3660; x_wconf 92' lang='lat' dir='ltr'>in</span> <span class='ocrx_word' id='word_1_339' title='bbox 1299 3604 1447 3681; x_wconf 81' lang='lat' dir='ltr'>Aegypto</span> <span class='ocrx_word' id='word_1_340' title='bbox 1472 3617 1501 3661; x_wconf 89' lang='lat' dir='ltr'>et</span> 
     </span>
     <span class='ocr_line' id='line_1_36' title="bbox 192 3687 1499 3770; baseline 0.002 -21"><span class='ocrx_word' id='word_1_341' title='bbox 192 3688 278 3770; x_wconf 89' lang='lat' dir='ltr'>Syria</span> <span class='ocrx_word' id='word_1_342' title='bbox 294 3689 366 3749; x_wconf 89' lang='lat' dir='ltr'>sitae</span> <span class='ocrx_word' id='word_1_343' title='bbox 383 3704 422 3766; x_wconf 92' lang='lat' dir='ltr'>et,</span> <span class='ocrx_word' id='word_1_344' title='bbox 439 3708 519 3769; x_wconf 83' lang='lat' dir='ltr'>quae</span> <span class='ocrx_word' id='word_1_345' title='bbox 536 3689 631 3750; x_wconf 87' lang='lat' dir='ltr'>dictae</span> <span class='ocrx_word' id='word_1_346' title='bbox 644 3689 853 3768; x_wconf 86' lang='lat' dir='ltr'>Margarethae</span> <span class='ocrx_word' id='word_1_347' title='bbox 870 3705 952 3767; x_wconf 88' lang='lat' dir='ltr'>sunt,</span> <span class='ocrx_word' id='word_1_348' title='bbox 969 3688 1083 3749; x_wconf 90' lang='lat' dir='ltr'>scilicet</span> <span class='ocrx_word' id='word_1_349' title='bbox 1101 3689 1173 3749; x_wconf 91' lang='lat' dir='ltr'>urbs</span> <span class='ocrx_word' id='word_1_350' title='bbox 1189 3687 1264 3768; x_wconf 90' lang='lat' dir='ltr'>Tyri</span> <span class='ocrx_word' id='word_1_351' title='bbox 1282 3708 1355 3749; x_wconf 91' lang='lat' dir='ltr'>cum</span> <span class='ocrx_word' id='word_1_352' title='bbox 1372 3689 1499 3770; x_wconf 84' lang='lat' dir='ltr'>regione</span> 
     </span>
     <span class='ocr_line' id='line_1_37' title="bbox 192 3775 1498 3858; baseline 0.002 -21"><span class='ocrx_word' id='word_1_353' title='bbox 192 3775 437 3857; x_wconf 83' lang='lat' dir='ltr'>circumjacente,</span> <span class='ocrx_word' id='word_1_354' title='bbox 454 3779 615 3858; x_wconf 87' lang='lat' dir='ltr'>pressoria,</span> <span class='ocrx_word' id='word_1_355' title='bbox 637 3778 662 3839; x_wconf 92' lang='lat' dir='ltr'>si</span> <span class='ocrx_word' id='word_1_356' title='bbox 680 3778 715 3839; x_wconf 92' lang='lat' dir='ltr'>iis</span> <span class='ocrx_word' id='word_1_357' title='bbox 732 3797 797 3838; x_wconf 90' lang='lat' dir='ltr'>non</span> <span class='ocrx_word' id='word_1_358' title='bbox 815 3778 923 3839; x_wconf 92' lang='lat' dir='ltr'>insunt</span> <span class='ocrx_word' id='word_1_359' title='bbox 940 3778 1153 3855; x_wconf 87' lang='lat' dir='ltr'>habitationes,</span> <span class='ocrx_word' id='word_1_360' title='bbox 1170 3777 1284 3838; x_wconf 90' lang='lat' dir='ltr'>scilicet</span> <span class='ocrx_word' id='word_1_361' title='bbox 1301 3779 1498 3854; x_wconf 78' lang='lat' dir='ltr'>Muwaalrah,</span> 
     </span>
     <span class='ocr_line' id='line_1_38' title="bbox 192 3866 1498 3949; baseline 0.001 -22"><span class='ocrx_word' id='word_1_362' title='bbox 192 3867 384 3944; x_wconf 90' lang='lat' dir='ltr'>Reschmun,</span> <span class='ocrx_word' id='word_1_363' title='bbox 402 3867 511 3928; x_wconf 91' lang='lat' dir='ltr'>hortus</span> <span class='ocrx_word' id='word_1_364' title='bbox 528 3868 565 3928; x_wconf 90' lang='lat' dir='ltr'>de</span> <span class='ocrx_word' id='word_1_365' title='bbox 576 3866 679 3946; x_wconf 85' lang='lat' dir='ltr'>Audja</span> <span class='ocrx_word' id='word_1_366' title='bbox 695 3882 724 3929; x_wconf 92' lang='lat' dir='ltr'>et</span> <span class='ocrx_word' id='word_1_367' title='bbox 741 3867 932 3943; x_wconf 90' lang='lat' dir='ltr'>molendina,</span> <span class='ocrx_word' id='word_1_368' title='bbox 950 3867 1002 3928; x_wconf 93' lang='lat' dir='ltr'>sed</span> <span class='ocrx_word' id='word_1_369' title='bbox 1020 3867 1152 3927; x_wconf 88' lang='lat' dir='ltr'>soldano</span> <span class='ocrx_word' id='word_1_370' title='bbox 1170 3883 1364 3929; x_wconf 89' lang='lat' dir='ltr'>reservantur</span> <span class='ocrx_word' id='word_1_371' title='bbox 1380 3867 1498 3949; x_wconf 90' lang='lat' dir='ltr'>optima</span> 
     </span>
     <span class='ocr_line' id='line_1_39' title="bbox 192 3954 1497 4039; baseline 0.002 -23"><span class='ocrx_word' id='word_1_372' title='bbox 192 3956 301 4017; x_wconf 91' lang='lat' dir='ltr'>casalia</span> <span class='ocrx_word' id='word_1_373' title='bbox 310 3956 398 4037; x_wconf 90' lang='lat' dir='ltr'>Tyro</span> <span class='ocrx_word' id='word_1_374' title='bbox 409 3956 518 4034; x_wconf 91' lang='lat' dir='ltr'>vicina,</span> <span class='ocrx_word' id='word_1_375' title='bbox 530 3976 610 4037; x_wconf 87' lang='lat' dir='ltr'>quae</span> <span class='ocrx_word' id='word_1_376' title='bbox 621 3977 657 4018; x_wconf 83' lang='lat' dir='ltr'>ex</span> <span class='ocrx_word' id='word_1_377' title='bbox 669 3972 808 4039; x_wconf 91' lang='lat' dir='ltr'>tempore</span> <span class='ocrx_word' id='word_1_378' title='bbox 821 3956 916 4019; x_wconf 87' lang='lat' dir='ltr'>Malih</span> <span class='ocrx_word' id='word_1_379' title='bbox 926 3955 1096 4017; x_wconf 90' lang='lat' dir='ltr'>ed-Daheri</span> <span class='ocrx_word' id='word_1_380' title='bbox 1107 3954 1249 4034; x_wconf 90' lang='lat' dir='ltr'>ejusdem</span> <span class='ocrx_word' id='word_1_381' title='bbox 1260 3972 1356 4032; x_wconf 91' lang='lat' dir='ltr'>erant,</span> <span class='ocrx_word' id='word_1_382' title='bbox 1367 3956 1497 4019; x_wconf 90' lang='lat' dir='ltr'>scilicet:</span> 
     </span>
     <span class='ocr_line' id='line_1_40' title="bbox 192 4043 1498 4125; baseline 0.001 -20"><span class='ocrx_word' id='word_1_383' title='bbox 192 4046 289 4125; x_wconf 87' lang='lat' dir='ltr'>Kana,</span> <span class='ocrx_word' id='word_1_384' title='bbox 307 4045 453 4122; x_wconf 88' lang='lat' dir='ltr'>Karubia,</span> <span class='ocrx_word' id='word_1_385' title='bbox 473 4045 594 4122; x_wconf 87' lang='lat' dir='ltr'>Asrifra,</span> <span class='ocrx_word' id='word_1_386' title='bbox 618 4047 804 4107; x_wconf 88' lang='lat' dir='ltr'>territorium</span> <span class='ocrx_word' id='word_1_387' title='bbox 823 4047 861 4107; x_wconf 93' lang='lat' dir='ltr'>de</span> <span class='ocrx_word' id='word_1_388' title='bbox 879 4046 1181 4125; x_wconf 80' lang='lat' dir='ltr'>Heba-Mahroutna,</span> <span class='ocrx_word' id='word_1_389' title='bbox 1206 4043 1364 4124; x_wconf 91' lang='lat' dir='ltr'>Medjadil,</span> <span class='ocrx_word' id='word_1_390' title='bbox 1389 4052 1498 4108; x_wconf 87' lang='lat' dir='ltr'>Amra·</span> 
     </span>
     <span class='ocr_line' id='line_1_41' title="bbox 192 4133 1499 4217; baseline 0.002 -23"><span class='ocrx_word' id='word_1_391' title='bbox 192 4133 281 4211; x_wconf 89' lang='lat' dir='ltr'>dein;</span> <span class='ocrx_word' id='word_1_392' title='bbox 299 4135 377 4196; x_wconf 90' lang='lat' dir='ltr'>dicta</span> <span class='ocrx_word' id='word_1_393' title='bbox 389 4154 461 4196; x_wconf 90' lang='lat' dir='ltr'>vero</span> <span class='ocrx_word' id='word_1_394' title='bbox 472 4135 600 4196; x_wconf 87' lang='lat' dir='ltr'>domina</span> <span class='ocrx_word' id='word_1_395' title='bbox 617 4135 756 4197; x_wconf 90' lang='lat' dir='ltr'>retinebit</span> <span class='ocrx_word' id='word_1_396' title='bbox 772 4136 800 4197; x_wconf 96' lang='lat' dir='ltr'>X</span> <span class='ocrx_word' id='word_1_397' title='bbox 817 4135 936 4211; x_wconf 85' lang='lat' dir='ltr'>casalia,</span> <span class='ocrx_word' id='word_1_398' title='bbox 948 4154 1028 4215; x_wconf 90' lang='lat' dir='ltr'>quae</span> <span class='ocrx_word' id='word_1_399' title='bbox 1045 4133 1184 4212; x_wconf 90' lang='lat' dir='ltr'>ejusdem</span> <span class='ocrx_word' id='word_1_400' title='bbox 1203 4149 1289 4195; x_wconf 89' lang='lat' dir='ltr'>erant</span> <span class='ocrx_word' id='word_1_401' title='bbox 1305 4155 1342 4196; x_wconf 89' lang='lat' dir='ltr'>ex</span> <span class='ocrx_word' id='word_1_402' title='bbox 1358 4151 1499 4217; x_wconf 88' lang='lat' dir='ltr'>tempore</span> 
     </span>
     <span class='ocr_line' id='line_1_42' title="bbox 194 4223 1498 4303; baseline 0.003 -20"><span class='ocrx_word' id='word_1_403' title='bbox 194 4223 287 4284; x_wconf 81' lang='lat' dir='ltr'>Malik</span> <span class='ocrx_word' id='word_1_404' title='bbox 311 4224 492 4301; x_wconf 82' lang='lat' dir='ltr'>ed-Daheri,</span> <span class='ocrx_word' id='word_1_405' title='bbox 509 4225 638 4286; x_wconf 88' lang='lat' dir='ltr'>scilicet:</span> <span class='ocrx_word' id='word_1_406' title='bbox 665 4226 727 4286; x_wconf 88' lang='lat' dir='ltr'>Ain</span> <span class='ocrx_word' id='word_1_407' title='bbox 751 4227 822 4286; x_wconf 75' lang='lat' dir='ltr'>Abu</span> <span class='ocrx_word' id='word_1_408' title='bbox 846 4224 1009 4300; x_wconf 86' lang='lat' dir='ltr'>Abdallah,</span> <span class='ocrx_word' id='word_1_409' title='bbox 1033 4224 1210 4299; x_wconf 89' lang='lat' dir='ltr'>Kasemieh,</span> <span class='ocrx_word' id='word_1_410' title='bbox 1237 4224 1343 4301; x_wconf 88' lang='lat' dir='ltr'>Sedes,</span> <span class='ocrx_word' id='word_1_411' title='bbox 1367 4224 1498 4303; x_wconf 90' lang='lat' dir='ltr'>Kahlab,</span> 
     </span>
     <span class='ocr_line' id='line_1_43' title="bbox 194 4312 1498 4392; baseline 0 -17"><span class='ocrx_word' id='word_1_412' title='bbox 194 4312 318 4380; x_wconf 81' lang='lat' dir='ltr'>Marius,</span> <span class='ocrx_word' id='word_1_413' title='bbox 336 4312 516 4392; x_wconf 73' lang='lat' dir='ltr'>Diarudiah,</span> <span class='ocrx_word' id='word_1_414' title='bbox 535 4312 726 4390; x_wconf 78' lang='lat' dir='ltr'>Diamadiah,</span> <span class='ocrx_word' id='word_1_415' title='bbox 740 4313 912 4390; x_wconf 79' lang='lat' dir='ltr'>Madlcalah,</span> <span class='ocrx_word' id='word_1_416' title='bbox 924 4314 1076 4387; x_wconf 86' lang='lat' dir='ltr'>Rasalain,</span> <span class='ocrx_word' id='word_1_417' title='bbox 1088 4312 1183 4389; x_wconf 85' lang='lat' dir='ltr'>Burdj</span> <span class='ocrx_word' id='word_1_418' title='bbox 1194 4312 1371 4376; x_wconf 83' lang='lat' dir='ltr'>el-asbetar.</span> <span class='ocrx_word' id='word_1_419' title='bbox 1390 4315 1498 4377; x_wconf 89' lang='lat' dir='ltr'>Cetera</span> 
     </span>
     <span class='ocr_line' id='line_1_44' title="bbox 193 4402 1499 4485; baseline 0.002 -22"><span class='ocrx_word' id='word_1_420' title='bbox 193 4403 343 4464; x_wconf 83' lang='lat' dir='ltr'>LXXVIII</span> <span class='ocrx_word' id='word_1_421' title='bbox 360 4403 426 4465; x_wconf 90' lang='lat' dir='ltr'>loca</span> <span class='ocrx_word' id='word_1_422' title='bbox 437 4404 524 4485; x_wconf 90' lang='lat' dir='ltr'>Tyro</span> <span class='ocrx_word' id='word_1_423' title='bbox 540 4403 649 4480; x_wconf 86' lang='lat' dir='ltr'>vicina,</span> <span class='ocrx_word' id='word_1_424' title='bbox 667 4404 831 4483; x_wconf 91' lang='lat' dir='ltr'>dequibus</span> <span class='ocrx_word' id='word_1_425' title='bbox 848 4418 1013 4464; x_wconf 86' lang='lat' dir='ltr'>vocantur:</span> <span class='ocrx_word' id='word_1_426' title='bbox 1031 4402 1191 4480; x_wconf 89' lang='lat' dir='ltr'>Talebiah,</span> <span class='ocrx_word' id='word_1_427' title='bbox 1203 4403 1341 4479; x_wconf 88' lang='lat' dir='ltr'>Dertiah,</span> <span class='ocrx_word' id='word_1_428' title='bbox 1353 4404 1499 4482; x_wconf 83' lang='lat' dir='ltr'>Dehriah,</span> 
     </span>
     <span class='ocr_line' id='line_1_45' title="bbox 193 4491 1499 4571; baseline 0.002 -19"><span class='ocrx_word' id='word_1_429' title='bbox 193 4491 388 4570; x_wconf 89' lang='lat' dir='ltr'>Funsuniah,</span> <span class='ocrx_word' id='word_1_430' title='bbox 399 4491 838 4571; x_wconf 80' lang='lat' dir='ltr'>Aithiah,Wadi-al-hodjadj,</span> <span class='ocrx_word' id='word_1_431' title='bbox 857 4492 989 4554; x_wconf 82' lang='lat' dir='ltr'>Arabiah</span> <span class='ocrx_word' id='word_1_432' title='bbox 1002 4540 1008 4553; x_wconf 95' lang='lat'>.</span> <span class='ocrx_word' id='word_1_433' title='bbox 1022 4539 1028 4552; x_wconf 96' lang='lat'>.</span> <span class='ocrx_word' id='word_1_434' title='bbox 1042 4539 1048 4552; x_wconf 96' lang='lat'>.</span> <span class='ocrx_word' id='word_1_435' title='bbox 1062 4539 1079 4569; x_wconf 90' lang='lat'>.,</span> <span class='ocrx_word' id='word_1_436' title='bbox 1099 4492 1262 4569; x_wconf 89' lang='lat' dir='ltr'>Malekiah,</span> <span class='ocrx_word' id='word_1_437' title='bbox 1282 4492 1356 4554; x_wconf 90' lang='lat' dir='ltr'>Deir</span> <span class='ocrx_word' id='word_1_438' title='bbox 1371 4498 1499 4570; x_wconf 88' lang='lat' dir='ltr'>Amran,</span> 
     </span>
     <span class='ocr_line' id='line_1_46' title="bbox 192 4580 1498 4663; baseline 0.002 -21"><span class='ocrx_word' id='word_1_439' title='bbox 192 4582 354 4660; x_wconf 90' lang='lat' dir='ltr'>Tatebiah,</span> <span class='ocrx_word' id='word_1_440' title='bbox 387 4629 467 4660; x_wconf 92' lang='lat'>.....</span> <span class='ocrx_word' id='word_1_441' title='bbox 499 4582 644 4659; x_wconf 88' lang='lat' dir='ltr'>Hanneh,</span> <span class='ocrx_word' id='word_1_442' title='bbox 678 4581 751 4642; x_wconf 90' lang='lat' dir='ltr'>Deir</span> <span class='ocrx_word' id='word_1_443' title='bbox 780 4581 895 4658; x_wconf 91' lang='lat' dir='ltr'>Kalon,</span> <span class='ocrx_word' id='word_1_444' title='bbox 928 4580 1057 4657; x_wconf 86' lang='lat' dir='ltr'>Sadifar,</span> <span class='ocrx_word' id='word_1_445' title='bbox 1091 4581 1318 4659; x_wconf 87' lang='lat' dir='ltr'>Reskenaniah,</span> <span class='ocrx_word' id='word_1_446' title='bbox 1346 4581 1498 4663; x_wconf 83' lang='lat' dir='ltr'>Garaigal,</span> 
     </span>
     <span class='ocr_line' id='line_1_47' title="bbox 193 4669 1500 4751; baseline 0.001 -18"><span class='ocrx_word' id='word_1_447' title='bbox 193 4670 308 4749; x_wconf 87' lang='lat' dir='ltr'>Ziadat,</span> <span class='ocrx_word' id='word_1_448' title='bbox 391 4670 569 4751; x_wconf 71' lang='lat' dir='ltr'>ueni-Duri,</span> <span class='ocrx_word' id='word_1_449' title='bbox 652 4670 736 4746; x_wconf 84' lang='lat' dir='ltr'>Atlit,</span> <span class='ocrx_word' id='word_1_450' title='bbox 752 4670 866 4733; x_wconf 85' lang='lat' dir='ltr'>salinae</span> <span class='ocrx_word' id='word_1_451' title='bbox 882 4669 1066 4733; x_wconf 89' lang='lat' dir='ltr'>Sahnuniah</span> <span class='ocrx_word' id='word_1_452' title='bbox 1083 4686 1112 4731; x_wconf 93' lang='lat' dir='ltr'>et</span> <span class='ocrx_word' id='word_1_453' title='bbox 1129 4669 1301 4731; x_wconf 80' lang='lat' dir='ltr'>Feralrhiah</span> <span class='ocrx_word' id='word_1_454' title='bbox 1303 4718 1409 4748; x_wconf 91' lang='lat'>......</span> <span class='ocrx_word' id='word_1_455' title='bbox 1427 4673 1500 4734; x_wconf 82' lang='lat' dir='ltr'>DeIr</span> 
     </span>
     <span class='ocr_line' id='line_1_48' title="bbox 194 4759 1499 4842; baseline 0.002 -20"><span class='ocrx_word' id='word_1_456' title='bbox 194 4760 319 4839; x_wconf 85' lang='lat' dir='ltr'>Maliah,</span> <span class='ocrx_word' id='word_1_457' title='bbox 336 4759 463 4822; x_wconf 88' lang='lat' dir='ltr'>Hamira</span> <span class='ocrx_word' id='word_1_458' title='bbox 481 4808 548 4839; x_wconf 89' lang='lat'>...,</span> <span class='ocrx_word' id='word_1_459' title='bbox 565 4759 691 4838; x_wconf 82' lang='lat' dir='ltr'>Falciah,</span> <span class='ocrx_word' id='word_1_460' title='bbox 708 4761 866 4840; x_wconf 86' lang='lat' dir='ltr'>Baruriah,</span> <span class='ocrx_word' id='word_1_461' title='bbox 888 4759 1057 4840; x_wconf 85' lang='lat' dir='ltr'>Kafrdigal,</span> <span class='ocrx_word' id='word_1_462' title='bbox 1075 4760 1177 4838; x_wconf 87' lang='lat' dir='ltr'>Huba,</span> <span class='ocrx_word' id='word_1_463' title='bbox 1195 4759 1334 4840; x_wconf 87' lang='lat' dir='ltr'>Sarkiah,</span> <span class='ocrx_word' id='word_1_464' title='bbox 1353 4760 1499 4842; x_wconf 77' lang='lat' dir='ltr'>Madjdal,</span> 
     </span>
    </p>
   </div>
   <div class='ocr_carea' id='block_1_6' title="bbox 269 4895 579 4973">
    <p class='ocr_par' dir='ltr' id='par_1_6' title="bbox 269 4895 579 4973">
     <span class='ocr_line' id='line_1_49' title="bbox 269 4895 579 4973; baseline 0 -19"><span class='ocrx_word' id='word_1_465' title='bbox 269 4901 290 4968; x_wconf 91' lang='lat'>¹)</span> <span class='ocrx_word' id='word_1_466' title='bbox 309 4898 425 4956; x_wconf 84' lang='lat' dir='ltr'>Nomen</span> <span class='ocrx_word' id='word_1_467' title='bbox 437 4895 579 4973; x_wconf 78' lang='lat' dir='ltr'>ignotum.</span> 
     </span>
    </p>
   </div>
   <div class='ocr_carea' id='block_1_7' title="bbox 0 0 1704 5400">
    <p class='ocr_par' dir='ltr' id='par_1_7' title="bbox 0 0 1704 5400">
     <span class='ocr_line' id='line_1_50' title="bbox 0 0 1704 5400; baseline 0 1"><span class='ocrx_word' id='word_1_468' title='bbox 0 0 1704 5400; x_wconf 95' lang='lat' dir='ltr'> </span> 
     </span>
    </p>
   </div>
  </div>
 </body>
</html>
