3398 5400
196 372 258 415 220
755 345 930 412 Repesta

195 560 311 633 Petrus,
336 558 586 639 archiepiscopus
609 559 787 635 Caesareae,
811 558 969 621 Gallridus
991 559 1022 620 lo
1039 559 1128 635 Rath,
1151 559 1294 638 magister
1316 559 1496 640 Hospitalis,

193 648 397 725 isembardus,
410 664 588 729 praeceptor
599 648 799 725 Acconensis,
811 648 978 723 Gallridus,
997 647 1118 726 bajulus
1136 648 1263 709 fratrum
1279 648 1496 730 Joppensium,

194 736 378 798 Willermus
394 737 569 815 Embriach,
587 736 696 798 Simon
708 737 745 798 de
757 737 914 813 Caesarea,
926 737 1104 816 Couselath,
1115 737 1265 815 Julianus,
1280 737 1443 819 Philippus
1459 739 1498 799 de

194 827 332 902 Dubbes,
352 827 441 887 frater
451 826 570 908 Symon
582 828 620 887 de
632 826 819 902 Calendiun,
831 826 921 887 frater
931 827 1132 902 Amauricus;
1150 827 1189 887 de
1200 827 1343 888 fratribus
1352 826 1496 907 Templi:

194 916 301 977 Petrus
318 916 355 977 de
374 917 499 978 Moneta
517 932 706 997 praeceptor,
724 916 881 977 Gallridus
897 915 1059 995 Anglicus,
1071 915 1254 978 Willermus
1271 917 1309 977 de
1327 916 1496 987 Brienc0n;

193 1006 231 1065 de
248 1005 472 1066 saecularibus:
490 1006 606 1067 Comes
623 1005 759 1084 bertoth,
776 1005 866 1066 Herri
882 1005 910 1066 le
928 1005 1070 1082 Alcman,
1087 1005 1194 1067 Guido
1211 1006 1248 1066 de
1266 1006 1379 1083 laton,
1397 1006 1499 1066 Adam

192 1095 286 1156 Coste
299 1092 428 1171 juvenis,
440 1095 582 1157 Thomas
594 1095 632 1155 de
644 1095 824 1174 Maugastel,
836 1094 943 1157 Guido
960 1093 1018 1172 (de)
1035 1094 1191 1174 Flumine,
1208 1095 1305 1174 Hugo
1321 1095 1360 1156 de
1377 1095 1469 1156 Buria
1479 1094 1498 1171 ¹)

193 1183 288 1260 (Paoli
305 1183 325 1259 l,
343 1203 373 1264 p.
393 1185 466 1262 285),
484 1185 544 1246 No.
570 1185 625 1261 ro).
738 1197 756 1266 ¹)
770 1195 845 1250 lnfra
859 1196 914 1251 No.
928 1195 995 1267 819:
1009 1195 1105 1251 Burin.
1427 1182 1498 1243 818

242 1279 330 1341 1207
348 1283 436 1344 Febr.
461 1317 504 1325 -
520 1282 650 1358 Juliana,
674 1281 803 1342 domina
819 1282 996 1360 Caesareae,
1022 1302 1078 1362 pro
1102 1281 1199 1343 salute
1215 1281 1372 1361 Hugonis,
1397 1283 1497 1343 bonae

192 1371 360 1433 memoriae
371 1371 464 1453 patris
479 1391 513 1432 ac
524 1371 645 1432 domini
656 1372 833 1450 Caesareae,
851 1386 880 1431 et
896 1371 1000 1432 matris
1016 1371 1111 1431 lsabel
1127 1390 1254 1432 assensu
1269 1370 1369 1432 mariti
1381 1371 1497 1432 Aimari

193 1460 346 1542 Hospitali
363 1460 464 1540 sigillo
481 1461 623 1522 concedit
639 1459 735 1521 casale
753 1461 894 1523 Pharaon
911 1476 940 1521 et
956 1460 1120 1540 Seingibis,
1131 1479 1269 1540 quorum
1286 1460 1408 1521 termini
1425 1476 1499 1522 sunt

192 1552 230 1611 ab
247 1550 365 1612 oriente
388 1551 595 1632 pertingentes
617 1551 655 1611 ad
679 1551 813 1612 Caveam
837 1548 954 1611 ficuum
972 1551 1009 1611 ad
1026 1551 1146 1611 Petram
1162 1550 1319 1611 Molarum
1344 1551 1499 1630 usquead

194 1639 271 1700 lines
282 1640 412 1720 Caphet,
421 1639 441 1716 ¹)
458 1661 474 1700 a
491 1640 619 1700 meridie
637 1659 737 1719 usque
754 1639 791 1699 ad
807 1638 884 1700 fines
895 1639 1051 1718 Phardesi,
1063 1639 1168 1701 casalis
1178 1638 1299 1699 domini
1310 1639 1499 1715 Gormundi,

193 1731 230 1789 ab
252 1729 410 1790 occidente
435 1748 534 1809 usque
558 1728 697 1789 adfines
721 1728 915 1807 Calanchun,
939 1729 1026 1808 quod
1050 1745 1094 1789 est
1116 1727 1255 1806 ejusdem
1279 1727 1458 1809 Hospitalis,
1483 1749 1500 1789 a

193 1819 402 1899 septentrione
413 1819 562 1898 usquead
574 1837 697 1879 caveam
708 1818 818 1895 Artais,
831 1834 858 1878 et
869 1817 1039 1896 confirmat,
1050 1838 1081 1879 se
1092 1818 1284 1898 sepulturam
1296 1817 1354 1878 sibi
1371 1818 1498 1897 elegisse

193 1907 226 1968 in
245 1908 406 1988 Hospitali.
424 1940 467 1951 -
485 1908 602 1984 Petrus,
626 1907 877 1989 archiepiscopus
900 1907 1084 1982 Caesareae;
1111 1908 1149 1968 de
1166 1906 1324 1969 iratribus:
1348 1908 1499 1969 Gofridus

193 1996 225 2058 lo
242 1997 332 2076 Rath,
358 1997 501 2076 magister
517 1996 696 2078 Hospitalis,
721 1997 925 2070 lsembardus,
950 2013 1130 2077 praeceptor
1146 2000 1262 2072 Accon,
1288 1997 1325 2057 de
1342 1997 1421 2058 dicta
1438 1996 1499 2058 ele-

196 2085 316 2147 mosina
333 2086 505 2159 investitus,
517 2085 674 2162 Gelridus,
692 2084 813 2163 bajulus
831 2086 869 2146 de
885 2085 959 2164 Jafe,
976 2086 1097 2168 Symon
1114 2087 1152 2147 de
1168 2085 1364 2164 Calanchun,
1381 2090 1500 2147 Amau-

193 2175 291 2249 ricus;
309 2176 347 2236 de
366 2175 507 2236 fratribus
518 2175 660 2256 Templi:
677 2175 785 2236 Petrus
795 2176 832 2236 de
844 2177 958 2236 Monea
970 2191 1158 2257 praeceptor,
1170 2175 1328 2237 Gallridus
1339 2174 1499 2255 Anglicus,

194 2263 378 2326 Willermus
395 2266 433 2325 de
449 2264 642 2339 Brienchon;
671 2264 708 2325 de
725 2264 949 2325 saecularibus:
967 2266 1082 2327 Comes
1098 2265 1211 2342 Bertot,
1229 2264 1324 2327 Horti
1342 2265 1499 2341 Laleman,

193 2351 373 2415 Willelmus
390 2354 564 2431 Embriach,
589 2353 709 2434 Symon
726 2354 764 2414 de
782 2354 939 2431 Caesarea,
964 2352 1144 2427 Couselath,
1160 2353 1313 2433 Julianus,
1339 2354 1500 2435 Philippus

193 2444 232 2504 de
249 2442 387 2517 Dubbes,
412 2443 518 2505 Guido
535 2443 573 2504 de
591 2442 704 2522 Laron,
729 2443 830 2503 Adam
846 2443 940 2504 Coste
957 2442 1087 2520 juvenis,
1104 2444 1245 2506 Thomas
1261 2444 1299 2504 de
1317 2443 1499 2522 Maugastel,

194 2531 301 2595 Guido
318 2533 356 2593 de
373 2532 528 2609 Flumine,
546 2532 643 2612 Hugo
660 2532 698 2593 de
715 2532 813 2594 Burin
830 2533 924 2610 (Paoli
942 2533 962 2608 l,
980 2552 1010 2614 p.
1022 2552 1164 2612 94—95,
1182 2533 1242 2594 No.
1254 2551 1312 2611 903
1331 2532 1369 2594 cf.
1386 2552 1417 2614 p.
1438 2533 1499 2612 516

194 2638 222 2684 ct
238 2623 372 2683 chartam
391 2621 643 2697 antecedentem).
1429 2620 1500 2681 819

270 2717 290 2782 ¹)
310 2715 340 2769 ld
354 2727 397 2769 est
412 2713 486 2768 heffa
500 2714 640 2783 (Conder,
655 2715 754 2782 Quart.
769 2715 839 2771 Stat.
858 2713 936 2787 1890,
950 2731 976 2785 p.
991 2716 1045 2788 30).

276 2854 295 2884 „
343 2807 415 2886 Ma).
435 2829 486 2885 22,
513 2809 576 2870 ind.
596 2809 632 2870 X.
649 2843 693 2851 —
710 2808 867 2890 Rupinus,
885 2809 1069 2870 Antiochiae
1093 2808 1236 2890 princeps
1262 2810 1406 2871 nondum
1426 2830 1500 2872 suae

194 2898 359 2979 potestatis,
384 2897 537 2980 Hospitali
561 2898 656 2960 donat
679 2897 830 2959 civitatem
851 2898 943 2960 Gibel
959 2918 1029 2959 cum
1048 2897 1240 2979 pertinentiis
1257 2913 1286 2959 et
1302 2898 1403 2976 sigillo
1420 2899 1500 2978 regis

194 2987 310 3049 Leonis
326 2987 348 3048 ll
366 2987 536 3049 confirmat.
553 3022 597 3030 -
614 2988 688 3064 Le0,
706 3007 758 3048 rex
776 2987 952 3066 Armeniae,
963 2987 1137 3049 avunculus
1147 2988 1305 3069 principis,
1317 2988 1499 3067 Eburgarib,

194 3075 362 3137 Armeniae
377 3076 633 3156 constabularius,
649 3076 780 3137 Basilius
790 3076 947 3151 Sefricam,
956 3077 976 3154 ¹)
992 3076 1158 3138 Armeniae
1175 3078 1386 3156 marescalcus,
1399 3079 1500 3139 Adam

194 3167 232 3227 de
250 3165 404 3243 Gastonis‚
421 3166 585 3244 Robertus,
602 3165 786 3228 Antiochiae
803 3167 1048 3242 comestabulus3
1067 3165 1203 3228 Garinus
1220 3167 1258 3227 de
1275 3168 1383 3228 Monte
1400 3183 1501 3247 acuto,

195 3255 396 3316 marescalcus
413 3255 592 3336 Hospitalis,
614 3256 779 3331 Gobertus,
798 3273 976 3337 praeceptor
992 3256 1106 3316 domus
1123 3255 1318 3334 Antiochiae,
1334 3256 1500 3319 Gircncius

196 3344 339 3406 Dcdolue
351 3344 373 3422 ²)
391 3361 420 3406 et
438 3345 622 3424 bernardus,
640 3345 745 3406 fratres
761 3344 940 3427 Hospitalis.
961 3345 1089 3406 Factum
1107 3361 1244 3425 tempore
1262 3344 1501 3407 fratrisGofredi

194 3433 1500 3515 Lirat‚magistriHospitalis,etdatumpermanumssasiliicancellarii,Lleonis),regis

196 3522 372 3601 Armeniae,
389 3524 535 3585 avunculi
554 3521 648 3599 (Paoli
658 3523 679 3601 1,
696 3543 727 3604 p.
740 3525 882 3603 95-96,
893 3524 953 3585 No.
967 3544 1003 3602 9¹
1021 3521 1068 3603 [cf.
1080 3543 1110 3604 p.
1126 3522 1327 3604 517-518);
1346 3524 1501 3605 Langlois,

195 3613 320 3689 Trc'sor,
338 3631 367 3692 p.
386 3632 484 3693 130-
497 3632 566 3692 131,
584 3613 644 3674 No.
663 3633 715 3674 rt:
740 3634 775 3680 17
789 3614 877 3674 Mart.
895 3632 992 3689 12073
1011 3613 1048 3674 cf.
1067 3613 1233 3674 Dulaurier
1250 3613 1281 3674 in
1298 3615 1405 3675 Journ.
1417 3613 1499 3675 asiat.

200 3702 292 3781 1861,
308 3702 401 3780 XVll,
418 3722 449 3784 p.
467 3702 662 3782 408—410).
1430 3701 1500 3762 820

270 3797 290 3861 ¹)
309 3795 352 3850 De
366 3812 426 3867 quo
440 3793 599 3863 Dulaurier,
612 3793 679 3850 ibid.
693 3812 720 3866 p.
732 3810 887 3869 319-3203
901 3793 967 3850 ibid.
982 3812 1008 3865 p.
1021 3811 1161 3866 321-324
1175 3795 1210 3849 de
1224 3793 1378 3851 Armeniae
1391 3812 1500 3850 mates-

195 3864 287 3931 calcis,
301 3865 419 3921 baillivis
433 3879 461 3921 et
474 3865 652 3933 senescalcis,
669 3883 696 3937 p.
728 3885 742 3920 2
776 3866 812 3921 de
825 3867 919 3920 Adam
933 3878 1034 3921 nostro
1049 3864 1230 3921 Gastonensi.
1257 3867 1301 3921 Cf.
1315 3867 1381 3921 Rec.
1396 3867 1423 3921 d.
1437 3865 1499 3921 bist.

195 3937 221 3991 d.
236 3936 366 4007 croisad,
379 3949 436 3993 aut.
450 3935 557 3992 armen.
571 3938 591 4007 l,
609 3955 636 4009 p.
650 3884 728 3992 Lxll
757 3939 880 3993 V—XC.
974 3943 996 4005 ⁹)
1014 3936 1107 3992 Alias:
1121 3937 1263 4007 lledolue,
1277 3938 1312 3993 de
1326 3937 1429 3993 Dolve.

277 4077 296 4108 „
342 4033 401 4095 lul.
415 4053 466 4111 27,
484 4033 548 4095 ind.
560 4034 598 4095 X.
615 4038 723 4095 Accon
740 4033 772 4094 in
790 4033 901 4114 palatio
919 4032 1055 4115 episcopi
1068 4032 1267 4094 Acconensis.
1284 4067 1329 4077 —
1346 4034 1501 4113 Albertus,

195 4121 364 4203 patriarcha
386 4121 691 4204 Hierosolymitanus
708 4137 736 4182 et
753 4122 783 4183 S.
802 4123 997 4204 Apostolicae
1014 4122 1142 4201 legatus,
1166 4122 1340 4200 confirmat,
1357 4123 1501 4205 Helyam,

195 4212 358 4291 quondam
374 4212 488 4290 Pagani
505 4211 703 4273 Pictaviensis
719 4209 830 4288 filium,
847 4212 991 4288 Girardo,
1008 4211 1198 4292 praeceptori
1214 4212 1376 4293 hospitalis
1392 4213 1501 4274 Theu-

195 4298 383 4376 tonicorum,
400 4302 488 4362 XXV
504 4300 642 4363 bisantiis
658 4300 799 4380 acceptis,
817 4320 912 4362 omne
929 4299 977 4380 jus
993 4299 1232 4377 renunciavisse‚
1242 4302 1329 4382 quod
1348 4302 1386 4362 de
1402 4303 1500 4363 domo

195 4390 330 4469 quadam
354 4390 494 4463 habebat,
519 4410 599 4470 quae
623 4390 677 4451 sita
701 4405 745 4450 est
768 4390 845 4450 intra
868 4406 952 4472 septa
976 4391 1144 4452 domorum
1170 4390 1241 4452 dicti
1266 4390 1434 4471 hospitalis.
1459 4423 1502 4436 -

194 4480 352 4541 lohannes
363 4480 401 4540 de
412 4478 557 4558 Ybelino,
570 4478 692 4558 bajulus
708 4478 794 4558 regni
807 4479 1092 4563 Hierosolymitani,
1104 4479 1257 4541 Radulfus
1268 4480 1305 4541 de
1316 4480 1500 4562 Tyberiade,

195 4566 335 4645 ejusdem
346 4569 432 4648 regni
444 4568 648 4647 senescalcus,
665 4587 770 4629 comes
780 4569 943 4631 bertoldus
953 4567 1182 4645 Theutonicus,
1196 4569 1333 4631 Andreas
1344 4570 1382 4630 de
1394 4569 1500 4650 Vituli,

195 4657 367 4719 vicecomes
374 4674 569 4737 venatorum,
577 4660 596 4736 ¹)
606 4657 970 4739 HenricusAlamannus,
977 4658 1109 4720 Michael
1119 4658 1156 4718 de
1164 4658 1334 4720 Jerusalem
1343 4657 1502 4737 (Strehllre,

195 4767 225 4827 Ρ·
245 4767 296 4828 342
318 4748 378 4809 N0·
396 4748 460 4827 4²)
1431 4745 1497 4807 82¹

272 4841 292 4906 ¹)
312 4839 418 4910 Aperte
431 4839 457 4894 le
479 4839 587 4893 endum
601 4849 659 4893 est:
672 4837 801 4892 Andreas
816 4839 851 4892 de
861 4837 956 4908 Vitali,
969 4838 1130 4894 vicecomes
1146 4839 1339 4899 Venetorum:
1353 4839 1389 4895 cf.
1403 4839 1501 4895 Tafel-

196 4909 336 4995 Thomas,
350 4911 448 4965 Urkun
471 4926 508 4965 en
521 4910 553 4981 11,
565 4927 593 4983 p.
611 4924 675 4983 1743
695 4909 779 4983 Heyd
792 4910 812 4981 l,
824 4927 850 4983 p.
866 4928 925 4984 33¹·
