3398 5400
670 358 750 431 regni
762 357 1026 432 Hierosolymitani.
1433 385 1491 446 351

192 579 377 641 Valencenis
400 580 489 641 militi
512 579 549 641 sit
571 579 759 641 satisfactum
782 576 869 655 (Bibl.
893 577 932 639 de
955 577 1063 640 l'e'cole
1083 579 1113 639 d.
1132 578 1249 641 chartes
1272 581 1364 660 1858,
1384 600 1414 662 p.
1432 581 1497 659 284

191 671 278 730 —28
285 689 312 748 5,
330 669 390 730 No.
410 669 449 748 2).
1408 667 1498 729 1338

192 803 379 859 centesimam
394 803 524 860 omnium
538 801 798 859 ecclesiasticorum
811 814 1005 875 proventuum
1020 819 1070 874 per
1084 802 1313 874 quinquennium
1326 802 1355 858 in
1368 802 1498 876 ejusdem

192 874 352 930 subsidium
373 874 515 932 concessit
531 874 569 930 ita
583 887 690 945 tamen,
708 887 739 928 ut
758 873 879 946 pecunia
899 873 927 928 in
948 873 1159 945 Cameracensi,
1178 874 1316 946 Tullensi,
1335 875 1499 946 Leodiensi,

192 947 327 1002 Mettensi
335 959 364 1002 et
372 945 544 1002 Virdunensi
554 945 718 1002 diocesibus
729 945 849 1001 collecta
859 947 895 1000 ad
907 946 1083 1026 reparandos
1095 963 1194 1002 muros
1205 945 1295 1002 Jaffae
1305 954 1390 1009 (11212
1402 959 1498 1002 tamen

192 1035 244 1144 per
257 1036 359 1073 manus
369 1017 507 1075 Johannis
518 1017 679 1088 delbelino,
693 1015 807 1074 comitis
815 1018 978 1099 Joppensts)
993 1016 1173 1073 conferretur
1185 1017 1287 1086 (Paris,
1294 1019 1378 1074 Arch.
1390 1018 1498 1075 nation.

229 1090 344 1171 ‚1³:448
367 1091 421 1145 No.
435 1091 490 1173 81).
517 1091 548 1144 In
562 1089 691 1171 Epistola
712 1088 865 1145 Alexandri
885 1089 922 1142 lV
943 1093 990 1158 (to
1004 1089 1110 1145 Octob.
1129 1107 1157 1145 12
1177 1089 1206 1158 6)
1226 1107 1325 1145 comes
1345 1090 1499 1171 luppensis

194 1161 329 1216 fratribus
343 1131 457 1234 Templi
470 1163 648 1242 Acconensts
658 1161 881 1242 commendatur
894 1172 922 1215 et
936 1159 1077 1241 laudatur,
1090 1109 1174 1242 011011
1185 1178 1255 1232 «pro
1269 1162 1399 1243 custodia
1414 1174 1499 1217 castrt

192 1233 307 1313 Joppen
320 1251 379 1289 non
393 1234 488 1290 solum
502 1251 600 1289 omma
613 1234 691 1288 bona
701 1250 753 1287 sua
764 1232 880 1288 mobilia
891 1243 920 1287 et
929 1248 990 1286 non
999 1232 1114 1288 mobllta
1126 1246 1154 1288 et
1164 1249 1224 1288 non
1233 1233 1378 1288 modicam
1388 1247 1499 1304 partem

192 1303 848 1431 1010010100οῊοω210211110211211011131011
859 1315 977 1384 propter
985 1303 1041 1359 hoc
1050 1304 1189 1376 premitur
1199 1304 1308 1360 sarcina
1318 1305 1498 1361 debitorum»

192 1377 306 1448 (Posse,
319 1394 346 1448 p.
360 1376 386 1446 8,
428 1395 455 1433 o.
468 1393 519 1450 953
539 1376 575 1432 cf.
589 1376 737 1449 Raynaldr,
750 1376 852 1430 Annal.
870 1383 946 1446 1250,
959 1376 977 1445 ἐ
988 1375 1044 1446 46).

242 1486 332 1547 1265
349 1488 461 1551 Octob.
475 1489 526 1550 28.
543 1493 662 1549 Accoo.
680 1519 723 1531 -
740 1485 929 1549 Guillelmus
946 1487 981 1565 ll,
998 1486 1167 1568 patriarcha
1183 1486 1498 1569 Hierosolymitanus,

192 1577 334 1639 Thomas
349 1578 485 1656 Berardi,
507 1577 643 1660 Templi,
661 1576 757 1656 Hugo
775 1575 880 1654 Revel,
897 1575 1078 1656 Hospitalis,
1102 1576 1249 1656 magistri,
1273 1576 1444 1638 Gaufridus
1461 1579 1499 1638 de

193 1667 338 1746 Sergines
359 1668 447 1729 miles
464 1684 493 1728 et
508 1666 665 1729 Oliverius
681 1666 719 1727 de
735 1665 892 1726 Termolis
907 1665 927 1743 ¹)
950 1665 1112 1728 Ludovico
1135 1667 1185 1744 lx,
1209 1666 1273 1746 regi
1297 1666 1499 1746 Francorum,

193 1757 249 1837 qui
265 1756 369 1818 litteris
386 1757 450 1818 suis
466 1756 603 1838 sigillatis
620 1755 775 1838 pollicitus
792 1754 900 1832 fuerat,
911 1754 1114 1835 seomnibus,
1126 1755 1181 1837 qui
1192 1756 1342 1836 usquead
1353 1756 1393 1818 IV
1405 1755 1501 1817 millia

193 1845 342 1908 librarum
365 1846 604 1908 Turonensium
628 1843 781 1906 Gaufrido
805 1843 894 1905 militi
917 1861 946 1904 et
963 1843 1100 1906 Oliverio
1117 1846 1154 1907 de
1170 1845 1328 1907 Termolis
1350 1845 1500 1907 solvenda

193 1935 413 2013 mutuaverint,
425 1936 527 2017 ipsum
538 1936 717 1997 soluturum
727 1953 803 2012 esse,
817 1933 842 1993 si
852 1933 966 1994 litterae
978 1953 1050 1995 cum
1060 1934 1167 1996 litteris
1176 1935 1257 2014 regis
1268 1954 1302 1995 ac
1312 1934 1500 2017 patriarchae

194 2041 224 2086 et
239 2025 458 2105 magistrorum
482 2025 651 2087 domorum
675 2038 985 2105 repraesentarentur,
1010 2024 1157 2101 scribunt,
1182 2043 1337 2085 consensu
1357 2023 1500 2085 Gaufridi

193 2130 224 2175 et
248 2113 375 2175 Oliverii
401 2114 630 2196 praedictorum
662 2113 843 2191 magistrum
868 2111 994 2194 Templi
1020 2113 1044 2173 ll
1069 2112 1164 2175 millia
1190 2129 1218 2174 21
1243 2113 1286 2190 D,
1319 2113 1501 2192 magistrum

193 2203 364 2284 Hospitalis
375 2205 438 2266 MD
449 2204 541 2265 libras
558 2220 670 2265 mutuo
686 2201 838 2282 accepisse
855 2221 871 2262 a
886 2201 1075 2281 quibusdam
1085 2203 1306 2264 mercatoribus
1317 2201 1500 2264 Placentinis

195 2307 226 2353 et
241 2293 317 2371 aliis,
335 2309 363 2354 et
379 2292 488 2373 sigillis
504 2293 652 2375 appositis
675 2307 794 2373 petunt,
820 2308 853 2352 ut
870 2293 902 2353 M
919 2291 1020 2370 libras,
1043 2292 1185 2372 quamvis
1207 2291 1310 2353 literae
1334 2311 1406 2353 cum
1430 2291 1500 2352 navi

195 2382 358 2462 naufragio
381 2382 537 2464 perierint,
562 2382 766 2444 creditoribus
789 2380 886 2441 solvat
908 2379 997 2456 (Bibl.
1022 2381 1059 2442 de
1081 2380 1189 2442 l'e'cole
1213 2381 1242 2442 d.
1268 2381 1386 2442 chartea
1409 2382 1500 2460 1858,

194 2490 242 2552 p.1
253 2493 344 2553 23-r
355 2473 509 2552 25,N0.1;
521 2472 616 2553 cf.p.1
631 2473 718 2533 16-r
733 2469 1394 2551 14etdesigillisDouetd'Arcq,N0.98821.
1411 2468 1501 2529 1339

270 2577 289 2642 ¹)
309 2574 352 2627 De
364 2590 422 2645 quo
436 2572 534 2627 videas
547 2571 685 2627 Rbhricht
697 2570 726 2625 in
739 2569 876 2626 Archives
890 2571 925 2625 de
938 2569 1060 2626 l'Orient
1073 2570 1141 2626 latin
1155 2571 1176 2625 ll
1185 2573 1219 2641 A,
1236 2588 1264 2643 p.
1278 2589 1338 2645 377,
1349 2589 1412 2643 405.

276 2722 294 2753 „
341 2678 421 2738 Nov.
441 2697 491 2757 23.
517 2675 647 2737 Parisiis.
667 2707 712 2718 -
727 2674 887 2754 Aegidius,
912 2674 1163 2756 archiepiscopus
1186 2675 1345 2756 Tyrensis,
1354 2677 1374 2754 1)
1398 2675 1501 2753 O(ctu-

193 2765 307 2843 viano),
319 2767 452 2828 diacono
463 2765 608 2827 cardinali
626 2765 657 2826 S.
670 2763 785 2826 Mariae
802 2763 834 2824 in
852 2763 984 2844 vialata,
1001 2785 1034 2825 se
1050 2784 1140 2846 saepe
1157 2765 1210 2826 sed
1228 2765 1338 2826 frustra
1350 2765 1501 2847 petivisse,

193 2871 228 2917 ut
244 2854 384 2917 officium
401 2856 500 2917 crucis
518 2855 740 2936 praedicandae
757 2852 821 2914 suis
838 2853 991 2915 debilibus
1012 2854 1150 2915 humeris
1166 2855 1351 2936 deponatur,
1368 2854 1501 2916 aedicto

193 2964 289 3006 onere
301 2944 362 3006 lere
374 2944 445 3023 labi,
462 2946 515 3006 sed
532 2964 665 3026 sperare,
683 2942 845 3021 negotium
855 2942 969 3004 Terrae
981 2943 1164 3008 Sanctaefflad
1181 2945 1302 3006 bonum
1320 2943 1416 3004 finem
1433 2964 1501 3025 per-

193 3050 362 3095 venturum
385 3055 461 3114 esse,
485 3034 588 3095 scribit
604 3049 632 3095 et
648 3031 808 3095 ecclesiam
831 3051 921 3093 suam
936 3033 1112 3114 Tyrensem
1136 3033 1336 3094 commendat
1359 3032 1501 3109 (11111112

193 3122 303 3185 l'e'cole
320 3124 351 3185 d.
368 3125 486 3185 chartes
509 3125 601 3203 1864,
619 3144 648 3206 p.
668 3125 724 3202 85;
750 3122 789 3183 [V
813 3123 904 3201 1858,
922 3142 952 3204 p.
971 3122 1166 3202 289-290).
1411 3121 1501 3182 1340

270 3226 288 3294 ¹)
308 3225 352 3279 De
366 3241 425 3296 quo
440 3222 586 3295 Rbhricht,
599 3222 681 3296 Syria
695 3240 775 3278 sacra
788 3222 817 3277 in
829 3222 940 3276 ZDPV.
954 3222 989 3292 Χ,
1003 3239 1029 3294 p.
1048 3223 1086 3278 18.

278 3374 296 3406 ,,
344 3331 424 3390 Νον.
444 3349 495 3411 23.
517 3329 659 3391 Parisios.
681 3363 717 3372 -
736 3327 896 3407 Aegidius,
912 3328 1163 3410 archiepiscopus
1179 3327 1208 3389 T
1209 3327 1339 3410 yrensis,
1357 3344 1503 3390 executor

195 3418 311 3497 negotii
327 3419 436 3495 crucis,
454 3419 600 3498 magistro
617 3418 783 3496 Richardo,
805 3417 922 3478 cantori
937 3417 1135 3499 Tripolitano
1154 3434 1183 3479 et
1199 3417 1353 3479 canonico
1368 3417 1502 3499 Tyreusi

194 3527 229 3569 ac
240 3528 336 3590 papae
348 3509 547 3587 thesaurario,
565 3509 646 3569 inter
661 3507 719 3569 alia
736 3507 849 3585 scribit,
866 3526 899 3567 se
915 3526 1046 3587 sperare,
1063 3507 1225 3587 negotium
1241 3507 1356 3568 Terrae
1374 3507 1502 3569 Sanctae

194 3617 414 3659 successurum
430 3618 507 3675 esse,
523 3613 615 3678 atque
632 3596 790 3659 ecclesiam
800 3597 974 3678 Tyrensem
992 3597 1201 3658 commendat.
1229 3596 1347 3658 Deinde
1365 3597 1397 3658 in
1414 3597 1503 3658 sche-

195 3687 268 3748 dula
284 3686 373 3748 affixa
390 3687 540 3768 queritur,
552 3688 637 3768 quod
656 3702 762 3748 votum
780 3705 814 3746 ac
832 3685 963 3766 pecunia
972 3686 1087 3747 Terrae
1104 3686 1232 3748 Sanctae
1249 3686 1400 3766 assignata
1417 3705 1504 3747 nunc

195 3776 228 3838 in
244 3777 421 3838 subsidium
437 3777 569 3857 Apuliae
586 3792 805 3837 convertantur
821 3790 850 3836 et
868 3775 991 3855 utrique
1007 3789 1104 3836 terrae
1127 3776 1234 3838 utilius
1258 3795 1322 3836 esse
1346 3792 1460 3851 censet,
1477 3775 1502 3835 si

195 3866 463 3944 interlauuenses,
475 3866 612 3928 Venetos
629 3882 658 3927 et
673 3866 802 3927 Pisanos
819 3884 876 3945 pax
893 3879 922 3925 et
939 3865 1105 3926 concordia
1121 3865 1349 3943 reformaretur,
1366 3885 1400 3925 ac
1416 3865 1501 3947 petit,

196 3969 231 4016 ut
247 3954 409 4017 efficaciter
425 3956 563 4018 laborare
579 3954 661 4031 velit,
688 3972 720 4016 ut
743 3954 799 4015 sibi
824 3954 862 4014 ad
885 3972 973 4014 suam
997 3952 1155 4015 ecclesiam
1172 3953 1347 4035 Tyrensem
1371 3953 1503 4015 redirea

195 4064 322 4106 summo
348 4044 495 4126 pontifice
519 4045 711 4128 permittatur
734 4043 822 4121 (Bibl.
847 4043 885 4104 de
909 4043 1017 4104 l'e'cole
1034 4044 1063 4104 d.
1081 4044 1199 4105 chartes
1222 4044 1313 4123 1858,
1339 4064 1369 4124 p.
1389 4044 1503 4109 287-

197 4135 270 4213 288,
288 4134 349 4196 Νο.
369 4135 453 4215 3011).
964 4170 966 4175 -
1413 4130 1499 4192 1341

277 4296 297 4327 ,,
344 4252 417 4313 Dec.
429 4271 480 4313 21.
493 4251 619 4314 Perusii.
630 4251 831 4314 —Clemeos
840 4249 880 4310 lV
890 4249 1037 4329 magistro
1048 4264 1077 4311 et
1088 4250 1230 4311 fratribus
1238 4249 1406 4331 Hospitalis
1417 4268 1503 4310 com-

196 4339 385 4423 positionem
401 4342 480 4402 inter
494 4341 687 4424 episcopum,
704 4340 875 4423 capitulum
891 4339 1173 4400 Bethleemitanum
1183 4355 1212 4400 et
1222 4338 1382 4421 Hospitale
1394 4339 1503 4400 factam

195 4429 368 4508 confirmat,
380 4450 442 4511 qua
452 4431 549 4492 casale
560 4431 598 4492 de
609 4431 733 4493 Silania
750 4430 782 4491 in
799 4427 950 4490 territorio
961 4428 1046 4489 castri
1058 4429 1141 4491 Crati
1158 4429 1196 4489 ad
1213 4447 1342 4490 censum
1359 4448 1503 4490 annuum

196 4539 254 4601 pro
270 4519 296 4580 L
312 4519 449 4582 bisanciis
465 4519 617 4602 Hospitali
635 4538 819 4582 concessum
837 4517 894 4579 fuit
914 4517 1072 4594 (Delaville
1088 4522 1116 4579 le
1134 4517 1247 4597 Ronlx,
1265 4538 1294 4600 p.
1314 4518 1375 4599 31).
1414 4516 1504 4578 1342

246 4633 336 4695 1266
353 4639 442 4699 Μ1111.
461 4658 490 4716 9.
516 4637 683 4719 Nealphae.
700 4670 744 4680 -
760 4635 941 4699 Ludovicns
957 4635 1008 4713 lx,
1025 4654 1076 4697 rex
1093 4635 1297 4712 Francorum,
1313 4634 1415 4713 sigillo
1428 4654 1504 4696 con-

197 4726 313 4803 firmat,
338 4747 370 4788 se
396 4727 553 4805 omnibus,
579 4728 633 4808 qui
660 4726 692 4789 in
715 4726 853 4808 partibus
882 4724 1095 4788 transmarinis
1118 4723 1291 4787 Guillelmo
1316 4724 1504 4805 patriarchae

197 4816 351 4878 Gaufrido
367 4817 405 4877 de
423 4815 570 4896 Serginis,
587 4817 755 4878 senescallo
772 4814 859 4896 regni
875 4813 1162 4897 Hierosolymitani,
1180 4829 1208 4875 et
1223 4813 1342 4875 Erardo
1358 4814 1396 4875 de
1415 4813 1505 4876 Vale-

197 4905 280 4967 11020
297 4906 344 4967 vel
361 4906 486 4968 duobus
502 4926 539 4967 ex
556 4905 621 4966 istis
644 4906 728 4968 CCC
750 4904 841 4966 libras
856 4905 1060 4966 Turonenses
1083 4903 1292 4965 mutuaverint
1314 4903 1369 4964 has
1391 4902 1505 4965 litteras
