3398 5400
612 361 693 434 regni
706 360 966 434 Hierosolymitani.
1376 390 1409 449 31
1424 391 1433 431 1

136 456 376 464 ———-—--
647 457 894 463 m—————
899 457 1014 463 ————-·
1018 457 1230 464 ——————————
1240 458 1439 465 ——·—-

134 581 192 644 fuit
207 581 329 662 Ugonis
346 581 511 660 calderarii,
534 582 609 643 aliae
627 583 650 643 Il
668 583 792 661 domus,
809 601 943 664 quarum
967 601 1029 644 una
1052 582 1151 664 posita
1172 598 1217 644 est
1232 584 1270 644 ad
1287 582 1440 645 Ordamer

134 671 217 751 juxta
233 690 360 733 murum
377 669 556 752 Hospitalis,
581 688 712 754 apautus
736 672 875 734 carnium
893 672 1082 749 communis,
1106 672 1130 732 ll
1147 674 1244 733 banca
1260 673 1440 735 communis

134 778 202 822 ante
214 761 372 822 ecclesiam
388 760 418 822 S.
427 762 532 823 lacobi
543 761 608 839 sita,
620 762 732 823 furnus
742 762 920 824 communis
931 780 1019 822 more
1029 761 1121 823 solito
1131 760 1271 839 licitatus,
1283 759 1440 839 jardinum

134 850 322 927 communis,
344 851 431 931 quod
449 866 494 912 est
519 852 597 912 intra
623 851 774 914 civitatem
796 855 1023 924 Acconensem,
1050 870 1137 912 more
1163 849 1254 912 solito
1279 850 1438 913 licitatum.

136 940 265 1000 Summa
275 959 349 1000 vero
366 956 537 1020 apautuum
548 941 702 1003 dictorum
719 941 756 1001 ad
773 959 893 1001 annum
911 955 955 1000 est
972 940 1045 1001 Mlll
1056 939 1178 1001 bisantii
1188 955 1217 1000 et
1227 940 1324 1001 XVlIl
1336 941 1439 1021 karati,

134 1030 172 1089 de
196 1028 310 1109 quibus
334 1045 517 1110 receperunt
541 1030 598 1090 DX
618 1030 765 1091 bisantios
788 1047 816 1090 et
834 1030 860 1091 V
879 1031 997 1090 karatos
1020 1048 1086 1090 non
1110 1029 1216 1110 positis
1240 1029 1302 1108 (sic)
1325 1031 1357 1091 in
1381 1030 1440 1091 hiis

133 1117 299 1195 solutione,
324 1138 419 1199 quam
445 1119 622 1181 habueruut
638 1120 675 1180 de
693 1120 789 1180 domo
806 1119 956 1180 Johannis
973 1118 1111 1180 Antelmi
1133 1138 1235 1199 neque
1252 1119 1284 1180 in
1302 1119 1439 1181 introitu.

134 1212 317 1288 Apautuum
343 1209 577 1289 possessionum
600 1222 683 1268 extra
699 1212 807 1269 Accon
823 1209 950 1269 sitarum
967 1224 1057 1269 sunt:
1081 1206 1229 1269 balneum
1245 1209 1284 1269 de
1305 1208 1439 1288 Nicosia,

134 1297 248 1357 domus
260 1298 297 1357 de
309 1297 504 1376 Famagusta,
522 1296 741 1358 molendinum
758 1298 797 1359 de
813 1297 910 1378 Tyro,
937 1298 1059 1358 Domus
1075 1316 1159 1375 vero,
1177 1298 1262 1359 unde
1279 1298 1441 1359 annuatim

136 1405 247 1446 census
268 1387 450 1462 redduntur,
468 1402 557 1447 sunt:
582 1388 696 1447 domus
719 1386 868 1447 Fulconis
891 1388 929 1447 de
953 1387 1050 1466 Logia
1066 1400 1096 1447 et
1111 1386 1263 1449 heredum
1286 1386 1441 1448 Lamberti

135 1475 297 1556 quondam
308 1475 414 1553 fratris,
427 1476 541 1537 domus
552 1474 656 1538 Jacobi
667 1477 705 1537 de
716 1476 816 1553 Porta,
833 1475 988 1537 Bonaviae
1005 1477 1043 1536 de
1061 1476 1091 1537 S.
1101 1475 1280 1554 Laurentio,
1290 1476 1441 1538 Johannis

136 1565 317 1643 Curnudae,
330 1565 476 1626 Durantis
487 1565 752 1646 Bancherii,'quae
764 1565 822 1626 fuit
831 1565 982 1627 Johannis
993 1564 1155 1642 Malfitani,
1166 1565 1280 1627 domus
1289 1565 1441 1627 Johannis

136 1653 284 1717 Mallitani
309 1655 465 1734 contigua,
491 1655 650 1716 Laurentii
667 1656 705 1716 de
722 1653 915 1729 Guillielm0,
942 1654 1022 1715 Petri
1042 1655 1080 1714 de
1097 1654 1250 1734 Varagine
1268 1656 1441 1735 quondam,

134 1743 238 1805 Jacobi
269 1745 307 1805 de
333 1744 495 1824 Varagine,
522 1744 673 1805 Johannis
699 1744 785 1821 Fet0,
813 1743 1004 1821 Cavallaroti,
1035 1742 1153 1822 gastina
1184 1744 1266 1805 Boni
1290 1744 1442 1806 Iohannis

134 1833 286 1911 admirati,
313 1834 427 1896 domus
451 1832 603 1913 ejusdem,
629 1833 786 1894 Laurentii
810 1834 848 1894 de
873 1832 1069 1911 Vintimillio,
1093 1832 1246 1894 Grimaldi
1268 1834 1441 1911 Bancherii,

134 1923 380 2000 Bonaventurae,
398 1942 477 2004 quae
502 1923 559 1985 fuit
584 1922 677 2002 Egiae
704 1923 866 2003 quondam
892 1922 1013 1999 matris,
1039 1922 1130 1983 turris
1155 1937 1252 2001 vetus,
1279 1942 1359 2003 quae
1385 1922 1443 1985 fuit

136 2010 292 2072 Marchisii
308 2013 347 2074 de
368 2012 523 2074 Rodoano
547 2028 576 2074 et
599 2031 684 2073 nunc
708 2026 753 2072 est
775 2011 924 2073 Johannis
947 2012 1127 2089 Castaneae,
1152 2012 1266 2073 domus
1289 2011 1442 2074 heredum

135 2099 306 2164 Guillielmi
323 2103 361 2162 de
378 2102 476 2178 Petra,
494 2102 518 2163 ll
534 2103 648 2163 domus
665 2101 816 2162 heredum
834 2101 996 2180 quondam
1010 2100 1161 2161 Johannis
1178 2100 1310 2180 Galiani,
1327 2101 1442 2164 domus

134 2190 278 2252 ecclesiae
302 2190 333 2252 S.
351 2190 520 2269 Laurentii,
544 2191 716 2254 Guillielmi
740 2191 778 2251 de
801 2190 951 2270 Lagnet0,
976 2209 1056 2270 quae
1081 2190 1138 2251 fuit
1161 2189 1291 2267 Cataldi,
1318 2190 1394 2251 aliae
1417 2189 1441 2250 ll

135 2281 249 2342 domus
266 2279 337 2341 dicti
354 2279 527 2342 Guillielmi
544 2282 582 2341 de
600 2281 749 2360 LagnetO,
773 2280 889 2341 domus
912 2279 1060 2340 Durantis
1083 2279 1256 2359 Bancherii,
1281 2299 1360 2359 quae
1385 2279 1443 2341 fuit

135 2370 296 2450 quondam
320 2368 439 2447 Clarae,
463 2369 587 2448 domus,
612 2390 692 2450 quae
717 2369 775 2430 luit
798 2368 940 2429 Donadei
964 2367 1122 2448 Angelerii
1146 2383 1175 2430 et
1199 2388 1284 2429 nunc
1301 2383 1346 2429 est
1361 2368 1442 2430 Petri

135 2458 253 2537 Bornii,
279 2458 436 2520 Bedoniae
462 2476 492 2520 et
516 2474 709 2536 consortum,
736 2459 850 2519 domus
875 2457 979 2519 Jacobi
1004 2459 1041 2519 de
1067 2457 1232 2535 Mazarina,
1260 2458 1386 2519 Nicolae
1403 2458 1441 2519 de

136 2548 166 2610 S.
185 2547 264 2626 Sir0,
288 2566 369 2628 quae
393 2546 449 2609 tuit
472 2547 606 2630 Philippi
631 2547 859 2627 Maniavachae,
886 2548 1000 2608 domus
1026 2547 1064 2608 de
1090 2546 1265 2628 Capelletis,
1291 2548 1443 2609 heredum

135 2636 239 2698 Jacobi
263 2635 302 2697 de
327 2637 494 2717 Rodoan0,
520 2637 624 2699 Jacobi
648 2638 811 2718 quondam
833 2637 872 2697 de
896 2636 1061 2697 Saboneris
1084 2650 1114 2696 et
1135 2637 1280 2697 Thomae
1303 2637 1442 2715 fratrum,

135 2725 286 2788 Johannis
302 2725 484 2805 Canzelerii,
501 2746 580 2807 quae
605 2727 662 2788 luit
686 2725 802 2808 Piperis
826 2725 990 2806 drapperii,
1014 2725 1170 2786 Laurentii
1194 2726 1232 2786 de
1249 2725 1443 2807 Guillielm0,

137 2835 217 2896 quae
235 2814 292 2876 fuit
308 2815 380 2876 dicti
398 2815 524 2896 Piperis,
540 2816 643 2876 Enrici
660 2815 797 2895 Guercii‚
809 2834 888 2895 quae
905 2813 964 2875 fuit
981 2814 1137 2875 Marchisii
1147 2814 1186 2875 de
1198 2814 1365 2893 Rodoano,
1375 2814 1443 2894 alia,

137 2924 217 2986 quae
235 2904 293 2966 fuit
304 2904 377 2965 dicti
389 2905 556 2983 Marchisii,
573 2905 627 2966 sed
644 2924 730 2965 nuuc
746 2918 792 2965 est
807 2904 982 2965 Benvenuti
992 2903 1125 2982 Tossici,
1136 2904 1288 2965 heredum
1298 2903 1444 2966 Beltrami

138 2994 237 3056 Pilleti
260 2995 433 3074 quondam,
458 2993 536 3055 filiae
560 2993 732 3056 Guillielmi
755 2993 793 3054 de
816 2994 949 3072 Pagana,
973 2994 1077 3054 Jacobi
1101 2995 1138 3054 de
1163 2994 1311 3072 Levant0,
1337 2992 1446 3055 Oberti

138 3083 290 3161 Filatoris,
308 3084 458 3145 Johannis
475 3083 626 3162 Filatoris,
650 3082 802 3144 Grimaldi
818 3081 980 3143 Bancherii
1001 3083 1033 3143 in
1057 3083 1196 3144 darsana.
1236 3084 1318 3144 Inter
1333 3085 1445 3145 domos

138 3173 248 3235 liberas
270 3187 438 3234 vocantur:
463 3172 588 3250 domus,
612 3192 692 3253 quae
712 3171 839 3233 fuerunt
854 3171 1005 3233 Johannis
1021 3170 1169 3249 Valentis,
1194 3171 1316 3234 Sibiliae
1334 3173 1445 3252 Pignu-

139 3263 241 3340 tariae,
261 3261 433 3338 Ademaris,
445 3262 612 3324 Alexandri
629 3261 744 3340 militis,
762 3261 883 3343 Ugonis
899 3259 1066 3340 calderarii,
1084 3260 1248 3323 Palmeroti
1266 3262 1356 3343 (quae
1372 3281 1446 3323 vero

139 3352 253 3413 domus
279 3350 445 3413 Palmeroti
470 3352 567 3413 modo
592 3371 659 3414 non
683 3350 859 3412 habitantur
882 3365 1009 3431 propter
1031 3349 1157 3428 bellum)
1183 3370 1307 3412 necnon
1331 3351 1446 3413 domus

139 3440 311 3503 Guillielmi
335 3441 450 3519 Grassi,
475 3460 554 3521 quae
578 3440 636 3502 fuit
659 3439 781 3501 Fantini
798 3441 959 3520 quondam
983 3440 1021 3500 de
1045 3439 1075 3501 S.
1093 3440 1272 3517 Laurentio,
1296 3440 1446 3502 Johannis

140 3531 319 3608 castaneae,
337 3550 416 3610 quae
435 3531 491 3591 luit
515 3530 633 3591 Marchi
650 3528 767 3609 Olivae,
793 3528 935 3590 isabellae
953 3530 990 3589 de
1006 3529 1083 3611 Tyri
1101 3528 1174 3607 (sic),
1199 3529 1350 3591 Grimaldi
1369 3548 1447 3591 con-

139 3619 224 3701 tigua
242 3619 351 3680 domui
368 3620 472 3681 Jacobi
489 3620 527 3681 de
553 3619 716 3680 Mazarina.
738 3653 774 3662 —
794 3617 981 3681 Castellinus
1005 3619 1044 3679 de
1067 3619 1201 3696 Paxano,
1225 3618 1301 3679 sacri
1325 3618 1447 3699 imperii

140 3709 289 3787 notarius,
306 3708 427 3790 scripsit
443 3709 601 3786 (Archives
619 3709 658 3770 de
674 3707 807 3769 l'Orient
823 3707 898 3769 latin
915 3708 939 3769 ll
947 3709 981 3787 B,
999 3728 1030 3790 p.
1049 3727 1248 3788 215-221,
1266 3709 1326 3769 No.
1346 3727 1381 3784 23
1407 3706 1445 3769 cf.

140 3798 228 3860 Serra
245 3798 296 3876 IV,
314 3818 344 3879 p.
368 3817 444 3878 ¹453
470 3797 608 3875 Olivieri,
627 3818 657 3879 p.
675 3799 727 3875 60,
745 3807 759 3867 s
776 3817 813 3877 43
846 3795 973 3876 Canale,
997 3797 1096 3860 Storia
1113 3797 1145 3859 di
1161 3797 1301 3876 Genova,
1319 3796 1446 3857 Firenze

146 3889 238 3965 1860,
255 3886 290 3965 ll,
308 3907 338 3968 p.
358 3906 438 3968 3013
464 3887 555 3967 Heyd
573 3887 594 3963 l,
613 3906 642 3968 p.
667 3886 746 3967 153).
1356 3882 1446 3945 1182

189 3992 279 4055 1249
296 3993 407 4058 Octob.
431 4016 456 4074 ι,
480 3995 543 4056 ind.
559 3993 624 4055 Vll.
656 3998 764 4056 Accon
788 3993 820 4055 in
844 3993 942 4055 domo
965 3991 1143 4053 communis
1166 3992 1221 4054 sita
1245 4008 1314 4053 ante
1337 3988 1447 4054 turrim

141 4104 256 4148 novam
271 4085 451 4147 communis
466 4085 592 4145 Januae.
609 4116 653 4128 —
669 4082 861 4144 Lanfrancus
876 4082 1055 4160 Tornellus,
1072 4082 1212 4143 Marinus
1228 4082 1403 4143 Bachemus
1419 4097 1448 4143 et

141 4175 317 4256 Stephanus
333 4174 372 4235 de
389 4174 540 4236 Guiberto
564 4173 770 4236 Guillelmum
794 4171 965 4249 Ceriolum,
989 4171 1167 4233 Antonium
1186 4173 1224 4233 de
1241 4170 1403 4233 Grimaldo
1419 4186 1449 4233 et

141 4263 348 4327 Guillelmum
359 4263 531 4326 Gilvasium
544 4277 757 4344 procuratores
767 4281 842 4323 suos
852 4261 1056 4339 constituunt,
1068 4260 1122 4341 qui
1138 4260 1175 4322 111
1191 4259 1287 4321 millia
1297 4274 1327 4321 et
1337 4260 1450 4323 DCCL

141 4354 234 4415 libras
248 4353 452 4415 Turonenses
467 4373 484 4412 a
501 4351 674 4415 Guillelmo
691 4352 729 4412 de
746 4351 883 4432 Sonayo,
901 4351 1049 4431 magistro
1064 4349 1202 4432 Templi,
1219 4369 1276 4432 pro
1301 4350 1405 4411 debito
1421 4349 1451 4411 X

144 4441 278 4504 millium
289 4441 493 4504 bisantiorum
505 4442 678 4503 reddendas
689 4440 847 4521 accipiant.
856 4441 1017 4501 —Bonus
1027 4439 1168 4501 Vasallus
1178 4438 1341 4520 Nepitella,
1359 4438 1449 4502 Guil-

142 4532 255 4595 lelmus
265 4531 446 4609 Tornellus,
454 4531 602 4593 Vivaldus
610 4532 648 4592 de
660 4528 810 4610 Boglasco
819 4528 994 4610 (Belgrano,
1006 4548 1035 4609 p.
1049 4530 1189 4610 62-63,
1200 4529 1262 4590 No.
1276 4529 1336 4609 33).
1360 4526 1449 4587 1183

225 4682 243 4716 ,,
291 4638 366 4699 Dec.
389 4656 437 4716 12,
455 4637 519 4699 ind.
537 4637 600 4698 Vll.
617 4635 703 4717 Tyri.
720 4667 764 4679 —
781 4634 892 4696 Simon
910 4635 1101 4711 Malocellus,
1118 4635 1230 4696 consul
1245 4634 1450 4697 Januensium

143 4727 177 4789 in
193 4727 279 4809 Syria
296 4745 330 4787 ac
345 4726 530 4804 vicecomes,
554 4724 767 4808 possessiones
789 4739 961 4803 enumerat,
978 4743 1056 4805 quas
1079 4723 1209 4786 nomine
1226 4723 1405 4786 communis
1421 4739 1450 4786 et

144 4816 250 4897 Ogerii
262 4816 351 4893 uicit,
362 4816 562 4878 conconsulis
579 4832 608 4877 et
625 4813 891 4889 convicecomites,
903 4814 941 4874 ad
952 4813 1070 4875 dictum
1081 4832 1251 4875 commune
1263 4814 1450 4895 pertinentes

144 4907 220 4991 Tyri
236 4905 398 4989 inquisivit
413 4922 443 4968 et
458 4905 586 4985 invenit,
603 4903 733 4966 scilicet:
758 4903 799 4982 (ι)
816 4903 848 4964 in
865 4902 982 4965 civitate
999 4903 1167 4984 ecclesiam,
1183 4903 1233 4964 cui
1253 4905 1396 4967 cohaeret
1412 4904 1450 4967 ab
