3398 5400
612 352 692 428 regni
705 352 967 430 Hierosolymitani.

134 573 422 656 Hierosolymitano
439 576 624 638 subveniant
643 576 758 654 (Bosio,
775 576 880 637 lstoria
897 575 977 637 della
994 575 1058 636 mil.
1076 576 1106 636 di
1123 575 1154 637 S.
1166 575 1257 638 Giov.
1275 576 1296 654 l,
1313 596 1343 657 p.
1366 579 1441 654 1083

134 664 421 743 leffe-waenfeld,
439 667 499 728 No.
519 687 600 746 ⁷451
624 664 787 747 [spurium
807 682 839 727 ut
855 663 1003 745 videtur];
1022 665 1059 726 cf.
1078 664 1151 726 ibid.
1170 665 1230 726 Νο.
1248 667 1354 746 7823).
1376 664 1443 726 138

184 785 269 847 1131
290 787 372 869 Sept.
387 808 438 867 21,
456 789 520 849 ind.
532 789 582 849 lX.
601 789 777 850 Caesareae.
790 788 1019 865 -Glalteriusl
1036 804 1249 866 cognomento
1260 788 1441 868 Graneritts,

135 877 301 938 Caesareae
328 894 357 939 et
382 878 539 958 Sydoniae
564 878 723 954 dominus,
750 897 906 938 consensu
932 879 1098 954 baronum,
1125 896 1332 957 quaecunque
1359 894 1444 958 pater

135 966 232 1047 ipsius
243 968 427 1028 Eustachius
439 968 591 1048 Hospitali
604 967 740 1044 donavit,
751 967 855 1028 laudat
866 982 894 1027 et
911 967 1011 1046 sigillo
1023 966 1195 1043 confirmat,
1206 966 1320 1028 scilicet
1330 967 1442 1028 domos

135 1056 301 1117 Caesareae
320 1057 470 1136 quasdam
487 1074 516 1118 et
533 1057 629 1117 casale
647 1056 784 1117 vicinum
802 1055 922 1117 Aldelie
939 1076 1010 1117 cum
1028 1056 1109 1116 binis
1126 1055 1297 1133 curtilibus,
1319 1056 1352 1117 iu
1369 1057 1442 1117 civi-

135 1161 192 1205 tate
210 1145 293 1208 Caco
311 1147 424 1208 domos
440 1166 511 1207 cum
529 1147 720 1227 pertinentiis
737 1160 766 1206 et
785 1146 955 1222 curtilibus,
981 1162 1135 1226 praeterea
1160 1146 1301 1206 concedit
1325 1146 1442 1225 curtile,

136 1235 221 1314 quod
233 1236 283 1311 G,
301 1235 473 1296 vicecomes
490 1256 576 1312 suus,
594 1236 688 1311 dedit,
706 1252 734 1296 et
750 1235 844 1310 aliud,
862 1235 950 1314 quod
967 1233 1024 1296 fuit
1034 1234 1154 1312 Alonis,
1173 1254 1230 1315 pro
1245 1253 1311 1314 quo
1323 1233 1443 1296 Grane

135 1324 199 1384 rius
216 1324 349 1385 reddidit
365 1325 539 1400 cambium;
564 1326 694 1405 insuper
716 1323 879 1386 confirmat
903 1325 942 1384 lV
959 1342 1102 1403 carrugas
1119 1340 1215 1384 terrae
1232 1324 1263 1384 in
1281 1324 1388 1385 Chaco
1404 1324 1443 1385 ad

135 1414 303 1474 serendum
326 1430 355 1474 et
377 1414 592 1493 garetandum,
617 1434 695 1494 quas
719 1412 904 1474 Eustachius
930 1429 1015 1494 pater
1040 1414 1217 1490 donaverat,
1244 1413 1341 1489 binas,
1366 1433 1444 1493 quas

135 1502 228 1581 dedit,
240 1503 406 1565 Eustachio
418 1502 547 1576 favente,
564 1505 605 1565 H.
617 1504 825 1579 Lumbardus,
843 1502 930 1563 binas
947 1503 978 1563 in
996 1502 1193 1579 Cafarsalem,
1211 1519 1240 1562 et
1256 1502 1344 1563 binas
1360 1501 1443 1582 juxta

135 1591 223 1652 istam
245 1608 358 1653 terram
382 1614 398 1653 a
422 1592 575 1674 principio
598 1609 694 1654 terrae
718 1591 896 1665 Rambaldi,
923 1612 1003 1672 quae
1026 1593 1183 1653 laboratur
1207 1592 1239 1652 in
1264 1592 1442 1671 Maresc0,¹)

135 1681 213 1742 sicut
229 1681 289 1743 itur
306 1683 344 1742 ad
361 1682 497 1759 flumen,
522 1683 547 1742 si
563 1702 638 1743 vero
655 1683 729 1742 haec
746 1698 824 1742 terra
841 1681 984 1742 defecerit
1008 1681 1061 1759 eis,
1086 1681 1236 1762 accipiant
1260 1697 1379 1743 tantum
1404 1682 1443 1743 de

134 1770 256 1832 meliori
280 1788 368 1848 terra,
392 1791 485 1851 quam
504 1771 679 1832 invenerint
696 1771 727 1831 in
745 1770 913 1848 Sabulone,
932 1787 965 1831 ut
981 1770 1112 1832 sufficiat
1129 1771 1167 1832 ad
1184 1790 1265 1850 opus
1283 1771 1322 1832 lV
1339 1790 1442 1832 carru-

134 1878 244 1938 garum
260 1859 374 1921 scilicet
390 1861 427 1921 ad
443 1862 612 1921 serendum
630 1877 658 1921 et
674 1861 887 1939 garetandum.
924 1860 1068 1940 Denique
1095 1860 1237 1921 concedit
1253 1859 1443 1921 Calumzum

134 1967 207 2010 cum
238 1949 439 2031 pertinentiis.
481 1950 607 2011 Factum
638 1950 777 2010 Falcone
802 1969 890 2028 rege,
915 1949 1096 2027 Wlillelmol
1128 1949 1314 2030 patriarcha,
1346 1949 1442 2026 Glau-

135 2038 263 2116 dentio),
278 2039 511 2121 archiepiscopo
528 2040 706 2114 Caesareae,
724 2037 810 2117 jussu
827 2039 865 2100 G.
878 2038 1019 2100 Granerii
1036 2054 1065 2099 et
1081 2037 1223 2118 conjugis
1239 2039 1387 2099 Julianae.
1401 2073 1441 2081 —

135 2127 335 2206 Wlillelmus)
346 2130 384 2189 de
396 2129 425 2190 S.
437 2128 572 2206 bertino,
585 2129 745 2206 Ricardus,
758 2128 930 2189 vicecomes
940 2129 1118 2207 Caesareae,
1130 2127 1313 2202 Balduinus,
1325 2127 1444 2208 dapifer

135 2217 312 2296 Caesareae,
336 2219 522 2279 Eustachius
539 2217 726 2294 Seulflellus,
750 2219 909 2279 lohannes
926 2219 963 2278 de
981 2217 1158 2294 Bellorano,
1183 2218 1346 2278 Ramerius
1365 2217 1442 2278 Fur-

135 2306 250 2383 narius,
274 2307 472 2386 isimbardus,
497 2307 675 2369 Gualterius
697 2308 734 2367 de
759 2307 890 2384 Merula,
915 2307 1104 2386 Gualterius,
1129 2306 1301 2367 vicecomes
1324 2307 1442 2385 Chac0,

134 2394 284 2457 Nicolaus
300 2397 338 2458 de
355 2397 473 2472 Trano,
490 2402 575 2457 Azzo
592 2398 630 2457 de
647 2396 752 2474 Curia,
770 2395 917 2457 Albertus
933 2396 1129 2457 camerarius.
1154 2395 1279 2457 Tradita
1300 2412 1343 2456 est
1360 2395 1443 2477 Ray-

135 2487 266 2564 mund0,
292 2486 437 2564 magistro
458 2486 635 2566 Hospitalis,
662 2505 767 2546 coram
787 2486 914 2547 testibus
933 2486 1093 2547 antedictis
1113 2501 1143 2546 et
1163 2484 1305 2546 fratribus
1325 2484 1443 2566 Hospi-

135 2574 201 2635 talis
213 2576 337 2636 Andrea
353 2576 520 2652 sacerdote,
534 2576 694 2637 Willelmo
709 2576 878 2654 Bertrandi,
891 2575 1092 2637 Aldebrando
1104 2574 1162 2652 (de)
1173 2575 1290 2652 Chac0,
1303 2575 1443 2636 Gerardo

135 2663 173 2724 de
182 2663 380 2741 Calumzum,
390 2665 525 2726 Martino
535 2665 619 2744 Rege
628 2664 723 2741 (Paoli
735 2665 756 2744 l,
768 2685 797 2746 p.
807 2687 815 2724 1
824 2686 897 2744 4-t
908 2686 935 2744 5,
948 2666 1008 2726 Νο.
1019 2687 1025 2725 ι
1036 2684 1068 2745 33
1081 2664 1118 2725 cf.
1131 2684 1207 2745 p.47
1217 2684 1310 2744 1-47
1316 2665 1355 2743 3).
1377 2662 1443 2723 139

211 2777 231 2842 ¹)
252 2775 332 2831 «The
345 2776 442 2830 marsh
456 2792 524 2830 near
538 2774 694 2829 Caesarea»
710 2774 842 2842 (Conder
853 2772 882 2828 in
897 2774 996 2842 Quart.
1010 2775 1081 2830 Stat.
1101 2772 1175 2845 1890,
1188 2791 1214 2845 p.
1230 2777 1283 2847 35).

185 2893 275 2955 1132
292 2897 380 2957 Febr.
393 2917 421 2958 2.
438 2896 591 2958 Cluniaei.
610 2930 651 2939 -
669 2894 869 2956 Innocentius
885 2894 909 2955 ll
927 2895 1089 2957 Ludovico
1101 2895 1151 2973 Vl,
1162 2896 1226 2973 regi
1239 2895 1442 2975 Francorum,

137 2986 268 3063 nuntiat,
285 3007 317 3046 se
340 3007 349 3046 1
372 2986 421 3047 die
434 2985 590 3047 Februarii
602 2985 789 3047 Cluniacum
806 2985 927 3045 venisse
944 2984 1049 3065 ibique
1062 2984 1138 3046 festo
1155 2984 1204 3045 die
1221 2983 1443 3066 purificationis

137 3073 168 3136 S.
181 3075 295 3137 Mariae
313 3075 341 3153 (2
359 3075 459 3153 Febr.)
476 3097 493 3136 a
508 3074 680 3137 Guillelmo
697 3075 718 3151 l,
734 3075 903 3155 patriarcha
914 3073 1211 3155 Hierosolymitan0‚
1221 3091 1249 3134 et
1260 3074 1442 3152 Alnselmol,

137 3164 285 3245 episcopo
295 3165 550 3241 Bethleemitan0,
562 3165 674 3225 litteras
686 3163 879 3225 obedientiae
889 3180 918 3224 et
926 3162 1297 3244 subjectionisaccepisse,
1309 3184 1443 3244 quarum

137 3255 277 3335 exempla
301 3255 391 3315 mittit
414 3254 571 3335 (Bouquet
587 3254 654 3329 XV,
672 3273 702 3335 p.
723 3273 796 3333 374,
818 3255 879 3314 N0.
904 3272 956 3333 133
983 3253 1084 3314 Mansi
1100 3253 1182 3332 XXl,
1200 3272 1230 3334 p.
1248 3273 1328 3334 40¹3
1353 3252 1444 3315 Jaffe'-

136 3342 331 3421 deenfeld,
350 3345 410 3405 Νο.
429 3363 491 3424 753
517 3344 536 3421 l.
1377 3339 1444 3402 140

218 3511 237 3543 ,,
277 3469 348 3529 Jun.
368 3486 418 3546 25.
444 3500 488 3510 —
512 3467 637 3527 Mabilia
660 3485 718 3546 pro
734 3467 831 3526 salute
848 3464 969 3525 animae
986 3465 1086 3525 mariti
1102 3484 1136 3526 ac
1154 3464 1207 3525 filii
1232 3466 1262 3527 S.
1281 3465 1444 3547 Sepulchri

137 3555 295 3618 canonicis
312 3555 518 3617 confratribus
534 3571 563 3617 et
580 3555 717 3617 dominis
733 3555 797 3616 suis
814 3555 940 3616 hortum
958 3571 986 3614 et
1003 3555 1136 3616 domurn
1153 3572 1222 3636 post
1239 3554 1335 3636 ipsius
1359 3575 1443 3617 mor-

138 3660 200 3705 tem
211 3647 363 3707 tenendos
375 3646 532 3721 concedit;
551 3646 622 3706 dicti
639 3645 723 3705 enim
741 3643 883 3705 canonici
895 3645 1007 3705 CLXX
1018 3645 1166 3705 bisantios
1184 3645 1241 3725 ipsi
1258 3664 1444 3725 recompen-

138 3752 245 3796 sarunt
261 3751 290 3796 et
307 3735 338 3795 in
356 3735 447 3796 horto
464 3735 651 3813 claudend0,
669 3735 801 3795 maceria
817 3750 845 3794 et
861 3733 894 3794 in
911 3733 1050 3809 cisterna,
1068 3753 1148 3814 quae
1167 3734 1206 3795 ibi
1224 3751 1296 3809 erat,
1308 3735 1445 3795 curanda

138 3824 350 3886 XLbisantios
366 3825 590 3906 dispenderunt
607 3840 636 3884 et
652 3823 767 3885 victum
786 3824 854 3904 ipsi,
872 3824 976 3903 quoad
993 3823 1117 3900 viveret,
1137 3824 1207 3884 dare
1225 3823 1354 3904 polliciti
1371 3839 1445 3885 sunt

137 3914 251 3975 scilicet
274 3913 414 3995 quotidie
438 3933 538 3975 unum
563 3933 676 3994 panem
701 3913 925 3974 canonicorum
946 3927 976 3973 et
992 3911 1152 3973 dimidiam
1169 3911 1267 3973 litram
1287 3913 1349 3973 vini
1366 3929 1444 3973 tem-

138 4004 232 4083 perati
259 4019 287 4064 et
312 4003 473 4064 scutellam
497 4004 534 4063 de
559 4003 738 4083 coquinato,
766 4003 796 4063 in
824 4002 872 4062 die
897 4021 969 4062 vero
995 4001 1163 4062 Dominico
1189 4018 1218 4063 et
1243 4001 1444 4083 solempnita-

137 4091 220 4154 tibus
245 4091 374 4153 recentis
401 4093 533 4153 frustum
560 4092 659 4152 carnis
684 4093 732 4152 vel
758 4093 796 4152 de
823 4091 906 4168 ciba,
933 4110 1028 4170 quem
1054 4090 1175 4152 domini
1201 4093 1381 4152 comedunt.
1401 4125 1445 4134 —

139 4181 317 4243 Willelmus
341 4182 520 4263 patriarcha,
553 4182 591 4241 de
609 4181 766 4242 canonicis
783 4180 812 4241 S.
832 4180 1012 4260 Sepulchri:
1039 4181 1146 4241 Petrus
1162 4180 1257 4260 prior,
1281 4182 1389 4241 Petrus
1406 4180 1444 4241 de

137 4271 315 4347 Barcilona,
346 4272 443 4349 Hugo
475 4270 681 4351 praepositus,
714 4269 883 4332 Gaufridus
910 4270 947 4329 de
974 4269 1259 4350 Constantinopoli,
1291 4270 1445 4331 Radullus

138 4359 361 4438 parisiacensis,
386 4361 494 4421 Petrus
511 4360 698 4435 Bernardus,
723 4358 893 4421 Garnerius
910 4360 948 4419 de
965 4360 1181 4436 Cenomanne,
1206 4359 1323 4435 Guid0,
1341 4359 1445 4422 Giral-

138 4449 214 4527 dus,
240 4450 348 4511 Petrus
374 4450 560 4525 Clementis,
586 4450 760 4523 Eurardus;
796 4450 833 4509 de
859 4449 983 4509 ceteris:
1011 4449 1222 4509 Auschetinus
1255 4448 1444 4528 vicecomes,

140 4539 308 4600 Rainaldus
325 4540 363 4601 de
380 4539 541 4612 Pontibus,
559 4539 729 4600 Gaufridus
746 4543 840 4614 Acus,
857 4537 1002 4614 Tosetus,
1020 4537 1199 4599 Hildredus.
1225 4538 1354 4600 Factum
1365 4538 1445 4599 Wil-

138 4627 233 4690 lelmo
250 4629 420 4710 patriarcha
437 4644 466 4689 et
483 4628 620 4689 Falcone
638 4648 709 4706 rege
726 4628 877 4706 (Roziere,
895 4646 925 4707 p.
945 4629 1128 4705 206-207,
1145 4628 1206 4688 Νο.
1225 4629 1300 4703 106;
1327 4627 1444 4707 Migne,

139 4737 169 4798 p.
187 4719 411 4798 1205—1206,
430 4719 490 4779 No.
510 4720 576 4779 106.
603 4716 636 4778 ln
653 4717 792 4797 linguam
810 4716 1019 4795 germanicam
1036 4717 1124 4777 vertit
1141 4732 1169 4778 et
1186 4718 1268 4779 notis
1284 4717 1446 4779 illustravit

139 4805 177 4868 G.
196 4808 301 4870 Rosen
319 4807 351 4868 in
368 4807 557 4868 Wochenbl.
576 4808 630 4868 der
646 4805 1084 4889 Johanuiter-Ordensballey
1103 4807 1330 4887 Brandenburg
1352 4808 1444 4887 1863,

145 4916 326 4978 131—-132,
342 4898 404 4959 No.
423 4897 484 4976 aa).
1379 4893 1441 4955 141

1232 5014 1264 5089 30
