3398 5400
276 355 319 435 84
840 349 1017 421 Regesta

274 569 388 632 castelli
404 569 619 648 Paneadensis,
628 569 647 647 ¹)
668 589 749 651 quae
771 589 927 631 consensu
944 570 1094 632 Gualterii
1117 571 1301 652 Berytensis,
1325 571 1363 631 de
1380 567 1469 647 cujus
1486 569 1581 631 feodo

274 674 329 735 est,
346 675 375 720 et
392 658 519 720 fratrum
531 658 688 721 Guidonis
704 675 796 740 atque
812 660 961 721 Bernardi
978 660 1092 721 donata
1108 675 1164 735 est,
1180 676 1210 721 et
1225 658 1351 722 Castelli
1369 658 1451 720 Novi
1467 659 1582 720 domos

274 748 446 810 Alberehae
462 749 500 810 de
517 748 660 826 Torono,
677 748 701 809 ll
718 748 823 810 vineas
838 749 871 809 in
888 750 1041 811 territorio
1058 750 1191 816 Toroni,
1211 768 1288 829 quas
1305 748 1411 811 Guido
1429 749 1466 809 de
1483 748 1581 809 Scan-

275 838 398 899 dalione
415 857 487 899 cum
505 836 650 918 hospitali
666 837 698 899 in
713 838 846 900 Torono
862 838 922 898 sito
939 839 1033 899 dedit.
1053 872 1093 880 -
1110 840 1228 913 Petrus,
1246 838 1396 920 Tyrensis
1412 837 1582 918 archiepis-

274 947 382 1009 copus,
415 927 606 1005 Fredericus,
631 927 839 1002 Achonensis,
871 928 982 1002 Adam,
1009 929 1223 1006 paneadensis,
1248 928 1402 1009 episcopi,
1429 926 1582 989 Girardus

275 1016 479 1094 Sidoniensis,
496 1016 684 1079 Guillelmns
700 1017 940 1095 Tiberiadensis,
958 1017 1120 1098 Philippus
1138 1018 1370 1097 Neapolitanus,
1388 1016 1485 1096 Hugo
1501 1016 1582 1078 Cae-

274 1106 425 1183 sariensis,
443 1105 674 1168 Guormundus
683 1105 924 1181 Tiberiadensis,
936 1106 1043 1168 Guido
1055 1107 1254 1186 Francigena,
1267 1105 1420 1167 Henricus
1430 1104 1581 1167 Bubalus.

275 1196 352 1257 Data
363 1195 475 1256 Achon
491 1215 547 1276 per
562 1214 691 1256 manum
704 1194 840 1274 Radulh,
856 1196 1075 1257 Bethleemitae
1092 1196 1230 1276 episcopi
1247 1197 1389 1275 regisque
1406 1193 1583 1256 cancellarii

274 1284 369 1362 (naon
386 1285 408 1363 1,
424 1304 454 1366 t>-
474 1285 524 1364 36‚
542 1285 603 1346 No·
622 1285 736 1365 tttcf·
754 1305 783 1367 Ρ·
800 1286 1000 1366 493-494l·
1510 1281 1582 1344 3²⁵

349 1397 367 1464 ¹)
387 1395 431 1450 De
444 1393 561 1451 historia
575 1393 658 1467 hujus
672 1393 780 1450 castelli
792 1393 828 1450 cf.
842 1413 917 1467 quae
930 1395 994 1450 Joh.
1009 1393 1211 1451 Gildemeister
1221 1393 1251 1449 in
1264 1395 1376 1449 ZDl'V.
1390 1394 1425 1463 X,
1445 1411 1472 1466 p.
1490 1392 1582 1448 188-

277 1465 335 1537 189,
354 1466 682 1538 Clermont-Ganneau,
702 1466 766 1524 Rec.
781 1465 935 1522 d'archeol.
958 1466 1083 1522 orient.l
1154 1484 1304 1536 241—242,
1318 1466 1456 1540 253-262
1472 1477 1501 1520 et
1514 1466 1582 1520 Max

274 1538 310 1592 de
323 1537 464 1593 Berchem
477 1537 505 1592 in
518 1537 636 1593 Journal
649 1536 727 1594 asiat.
746 1537 821 1608 1888,
834 1539 893 1609 Xll,
906 1556 933 1610 p.
946 1509 1091 1611 440-471’
1103 1484 1252 1610 diligenter
1265 1537 1468 1592 disseruerunt.

322 1638 411 1700 1157
429 1642 566 1722 Nov.13.
578 1642 729 1704 Laterani.
743 1675 782 1686 -
794 1642 951 1703 Adrianus
961 1642 1002 1703 lV
1013 1641 1167 1718 Samsoni,
1178 1641 1412 1722 archiepiscopo
1423 1639 1583 1718 Remensi,

274 1729 403 1812 ejusque
423 1730 625 1810 suffraganeis
649 1732 780 1809 nuntiat,
804 1730 994 1793 balduinum
1013 1731 1050 1792 lll
1073 1750 1178 1810 regem
1201 1730 1355 1791 Bellinam
1378 1731 1415 1790 ab
1439 1728 1583 1790 hostibus

274 1822 431 1881 obsessam
456 1820 658 1883 liberaturum
683 1820 834 1900 fugatum,
858 1820 1097 1899 Blertrandum),
1122 1819 1301 1897 magistrum
1318 1817 1455 1900 Templi,
1464 1819 1484 1896 ¹)
1508 1836 1584 1879 cum

274 1909 444 1971 LXXXVII
462 1910 604 1971 fratribus
621 1926 756 1991 captum,
773 1910 857 1971 CCC
874 1929 947 1972 vero
969 1908 1047 1971 alios
1070 1909 1181 1970 milites
1204 1909 1315 1989 partim
1341 1924 1447 1989 captos
1470 1906 1583 1988 partim

274 1999 441 2061 trucidatos
458 1999 562 2076 fuisse,
586 2000 681 2079 paulo
697 2015 767 2081 post
784 1999 919 2060 eundem
937 2017 1010 2060 curn
1026 1998 1255 2077 Tlheoderico),
1279 1997 1392 2058 comite
1408 1996 1582 2073 Alsatiae,²)

274 2105 303 2149 et
319 2088 472 2150 Rainaldo
494 2090 532 2150 de
557 2088 587 2150 S.
607 2088 746 2150 Valerico
761 2088 783 2166 ³]
800 2103 874 2149 tunc
890 2088 1027 2169 appulsis
1044 2089 1148 2149 hostes
1164 2090 1202 2147 ab
1219 2087 1390 2148 obsidenda
1407 2086 1487 2147 dicta
1504 2087 1581 2147 urbe

274 2178 423 2259 repulisse
434 2194 463 2239 et
474 2178 579 2239 fratres
589 2177 713 2259 Templi
724 2178 804 2238 circa
815 2177 959 2239 CCXXX
968 2177 1137 2238 Saracenos
1153 2178 1191 2237 ad
1209 2177 1332 2258 nuptias
1349 2177 1446 2238 ituros
1463 2175 1582 2256 cepisse

275 2267 320 2328 vel
338 2267 487 2328 occidisse
504 2266 661 2347 (Bouquet
677 2268 744 2345 XV,
762 2287 790 2348 p.
802 2267 877 2344 681,
894 2267 955 2328 No.
970 2285 1026 2347 343
1044 2266 1328 2342 Jaffe-anenfetd
1346 2266 1407 2327 Nn.
1431 2259 1583 2348 10342).ss

274 2356 360 2417 Haec
382 2355 510 2438 epistola
533 2372 636 2438 aperte
660 2377 696 2417 ex
712 2355 840 2437 epistola
858 2357 1060 2417 transmarina
1077 2372 1217 2437 excerpta
1234 2354 1369 2436 plurima
1384 2354 1484 2434 offert,
1500 2373 1581 2434 quae

274 2446 430 2507 chronicis
447 2464 512 2507 non
530 2446 741 2508 inveniuntur.
1511 2440 1583 2502 326

350 2550 371 2614 ¹)
384 2545 467 2602 Guill.
482 2547 518 2601 de
532 2546 612 2619 Tyro
626 2547 725 2617 XVlll,
744 2564 768 2602 c.
787 2565 826 2617 14,
846 2546 894 2618 qui
912 2545 942 2601 18
955 2547 1019 2601 Jun.
1038 2564 1063 2601 ιι
1068 2565 1102 2619 57
1116 2545 1192 2601 diem
1206 2545 1293 2600 cladis
1313 2557 1467 2613 memorat,
1486 2543 1582 2600 addit:

275 2620 363 2690 liugn
377 2618 413 2673 de
427 2617 525 2688 lbelin,
539 2618 606 2674 Odo
621 2619 657 2673 de
671 2619 699 2673 S.
714 2619 859 2687 Amando,
879 2616 1059 2673 senescalcus
1072 2617 1156 2689 regis,
1169 2617 1315 2672 lohannes
1329 2617 1508 2686 Gothmann,
1521 2615 1582 2672 Ro-

276 2690 381 2744 hardus
395 2689 431 2744 de
442 2688 513 2744 Jaffa
527 2688 646 2763 ejusque
659 2688 746 2745 frater
759 2689 901 2745 balianus.
953 2692 975 2757 ²)
986 2689 1068 2744 Guill.
1080 2689 1116 2744 de
1127 2689 1207 2762 Tyro
1219 2688 1318 2759 XVlll,
1328 2688 1396 2743 016.
1448 2691 1470 2756 ³)
1485 2688 1582 2756 Quem

276 2760 432 2905 lslgldvupnps
452 2759 511 2898 {¹3⁰}
530 2773 710 2833 expugnatae
730 2762 837 2816 Harem
858 2760 994 2833 praefecit
1014 2761 1170 2829 (Rohertns
1184 2761 1220 2813 de
1233 2760 1333 2815 Monte
1347 2759 1376 2813 in
1389 2761 1468 2814 Mon.
1482 2759 1582 2814 Germ.

321 2875 327 2886 .
379 2873 387 2904 ,
421 2851 455 2904 .5
507 2873 513 2887 .

357 2981 377 3012 „
423 2970 466 2980 —
481 2936 607 3014 Joeta,¹)
623 2937 773 2998 abbatissa
789 2938 819 2999 S.
832 2936 937 2999 lazari
954 2938 992 2998 de
1009 2935 1197 3013 Bethania,2)
1214 2953 1370 2996 consensu
1386 2933 1481 2995 totius
1497 2934 1581 3014 capi-

276 3025 332 3087 tuli
349 3026 540 3102 Raimnndo,
557 3027 705 3107 magistro
722 3026 902 3108 Hospitalis,
926 3041 1022 3087 totam
1039 3026 1288 3104 decimationem,
1306 3042 1402 3105 quam
1418 3021 1580 3104 Hospitale

276 3115 406 3176 habebat
422 3115 455 3175 in
471 3113 561 3176 casali
578 3115 617 3176 de
634 3116 792 3194 Bethania,
809 3116 952 3178 concedit
969 3133 997 3176 et
1012 3114 1114 3196 sigillo
1131 3114 1293 3176 confirmat
1315 3133 1374 3195 pro
1396 3113 1582 3175 concambio

275 3202 437 3284 cujusdam
460 3204 578 3283 vineae,
603 3223 683 3284 quae
704 3205 848 3268 affrontat
865 3208 902 3266 ab
919 3205 1037 3266 oriente
1054 3204 1086 3266 in
1102 3203 1192 3265 vinea
1215 3203 1393 3284 Hospitalis,
1417 3223 1434 3263 a
1451 3201 1580 3264 meridie

276 3294 308 3355 in
325 3294 414 3355 vinea
438 3293 469 3355 S.
488 3299 608 3370 Annae,
625 3297 663 3355 ab
679 3295 826 3374 aquilone
843 3295 875 3356 in
891 3295 983 3373 viam,
1001 3314 1081 3375 quae
1104 3293 1189 3355 ducit
1211 3292 1377 3374 Neapolim
1398 3309 1427 3353 et
1442 3308 1527 3353 tenet
1542 3292 1581 3353 de

274 3383 364 3444 vinea
390 3382 549 3463 usquein
575 3383 693 3444 bivium
720 3384 750 3446 S.
775 3383 933 3465 Stephani.
974 3383 1096 3446 Deinde
1121 3383 1205 3461 Avis,
1235 3382 1384 3443 abbatissa
1410 3382 1441 3443 S.
1466 3381 1582 3442 Mariae

275 3472 420 3551 Grandis,
437 3491 594 3533 consensu
609 3492 737 3534 suarum
753 3472 1036 3534 sanctimonialium
1052 3473 1167 3533 scilicet
1181 3471 1347 3548 odolinae,
1364 3470 1455 3547 Solis,
1473 3470 1582 3533 Gude·

273 3563 361 3623 lenae
377 3562 570 3641 aliarumque
588 3561 783 3623 medietatem
800 3561 947 3640 decimae,
958 3581 1054 3642 qnam
1071 3562 1201 3622 habebat
1216 3561 1249 3621 itt
1266 3561 1344 3622 dicta
1359 3560 1460 3636 vinea,
1476 3577 1582 3621 coram

274 3652 364 3713 Petro
387 3652 425 3713 de
449 3649 480 3712 S.
498 3651 624 3730 Lazaro,
648 3651 815 3712 Lamberto
839 3652 1035 3728 cambiatore,
1068 3650 1227 3732 Stephano
1251 3650 1403 3712 Umberto
1427 3648 1582 3731 Hospitali

274 3741 380 3802 donat.
405 3740 525 3801 Eodem
543 3755 633 3821 pacto
650 3739 772 3820 Sebilia,
796 3741 945 3802 abbatissa
961 3741 992 3802 S.
1010 3745 1131 3817 Annae,
1149 3758 1299 3801 concessu
1315 3738 1536 3819 Ermengardis
1552 3753 1582 3799 et

274 3829 372 3892 Giliae
389 3845 418 3890 et
434 3844 604 3890 ceterarum
622 3830 805 3892 monialium
823 3831 949 3891 alteram
965 3830 1161 3891 medietatem
1178 3829 1326 3905 decimae,
1337 3847 1431 3908 quarn
1449 3828 1582 3888 habebat

274 3918 306 3980 in
330 3919 409 3979 dicta
431 3919 531 3995 vinea,
555 3938 659 3980 coram
684 3920 820 3982 Radulfo
843 3920 882 3980 de
905 3919 936 3982 S.
954 3920 1054 3997 Petro,
1071 3919 1232 3980 Willelmo
1255 3917 1389 3994 Ebraldi,
1415 3916 1581 3978 Amisarno

274 4007 415 4070 carnifice
438 4008 590 4088 Hospitali
614 4009 719 4071 donat.
754 4009 881 4070 Factum
900 4008 1064 4070 Folcherio
1082 4007 1261 4089 patriarcha,
1282 4007 1436 4068 Balduino
1454 4006 1491 4067 llI
1508 4025 1580 4086 rege

274 4098 493 4178 inpraesentia
514 4097 687 4160 Milisendis
710 4098 844 4180 reginae.
862 4133 905 4141 —
926 4097 1065 4159 Oduline
1095 4098 1249 4178 priorissa,
1274 4096 1402 4174 Signina
1425 4095 1580 4174 Romana,

273 4187 479 4248 Alamandina
490 4187 645 4266 cantatrix,
654 4187 775 4249 Helena
789 4202 818 4249 et
829 4193 934 4267 Agnes
948 4186 1196 4248 sanctimoniales
1214 4185 1307 4263 (Paoli
1318 4185 1340 4263 l,
1352 4205 1381 4266 p.
1395 4204 1582 4265 204—205,

272 4276 334 4338 No.
357 4277 411 4352 16;
436 4275 474 4337 cf.
492 4296 522 4357 p.
543 4280 625 4357 537).
1509 4270 1579 4332 327

347 4380 368 4445 ¹)
387 4378 431 4432 De
445 4394 502 4448 qua
521 4375 590 4446 (filia
603 4376 734 4432 Balduini
748 4377 787 4445 lh·
801 4376 884 4433 Guill.
899 4378 934 4432 de
948 4378 1028 4450 Tyro
1041 4377 1099 4446 Xll,
1113 4394 1136 4434 c.
1146 4393 1179 4447 4,
1200 4377 1262 4442 XV,
1276 4393 1299 4431 c.
1312 4377 1361 4443 263
1384 4375 1481 4445 XVlll,
1494 4391 1518 4430 c.
1529 4391 1580 4448 273

272 4448 346 4519 XXl,
357 4466 380 4503 c.
390 4464 421 4520 ²3
434 4448 562 4504 Fulcher.
572 4448 691 4504 Carnot.
703 4450 747 4504 ed.
758 4449 855 4520 Paris,
868 4467 895 4521 p.
903 4467 964 4523 473.
1031 4451 1054 4516 ²)
1067 4449 1110 4503 De
1125 4466 1182 4520 qua
1195 4448 1309 4503 abbatia
1323 4447 1434 4501 ZDPV.
1446 4447 1481 4515 X,
1494 4463 1521 4518 p.
1531 4461 1581 4520 37;

272 4519 539 4589 Ursmar-Berliere,
552 4537 578 4592 p.
591 4519 743 4592 485-486.

353 4668 373 4701 „
419 4657 463 4668 -
479 4624 668 4687 Guillelmns
679 4623 836 4700 Ebriacus,
848 4624 997 4685 dominns
1008 4624 1163 4701 Gibeletti,
1174 4642 1330 4685 consensu
1349 4623 1453 4683 uxoris
1464 4622 1580 4683 Sansae

271 4730 300 4775 et
317 4713 372 4776 filii
390 4713 511 4793 Ugonis
528 4714 661 4775 domum
678 4713 711 4774 in
729 4716 804 4775 urbe
820 4713 958 4794 Tripolis
975 4714 1121 4774 Maurino
1132 4713 1243 4774 CCXL
1260 4712 1465 4773 bisantiorum
1480 4712 1581 4792 pretio

271 4804 387 4882 vendit,
398 4821 479 4883 quae
496 4822 533 4863 ex
549 4822 612 4864 una
629 4819 713 4883 parte
729 4803 821 4864 habet
837 4803 965 4864 hortum
981 4802 1012 4864 S.
1023 4802 1138 4880 Jacobi,
1158 4822 1195 4863 ex
1211 4803 1269 4863 alia
1286 4800 1580 4863 domumJohannis

271 4892 432 4974 Scutellae,
449 4911 486 4953 ex
501 4891 560 4954 alia
575 4893 734 4954 clibanum
750 4892 872 4954 comitis
888 4908 917 4953 et
932 4893 1065 4954 domum
1081 4891 1162 4954 Petri
1172 4891 1338 4953 Hnmberti
1354 4906 1383 4952 et
1398 4905 1470 4952 ante
1486 4889 1581 4953 fabri-
