3398 5400
115 388 200 452 solae
223 408 375 473 paparum
399 389 547 473 epistulae
571 390 687 453 librum
702 405 803 453 tantae
819 390 1044 472 magnitudinis
1059 391 1273 475 explevissent,
1290 409 1424 474 quantae

117 498 167 561 hic
183 514 288 561 noster
304 513 358 560 est.
390 498 505 561 Pariter
521 496 678 579 epistulas,
695 499 811 580 quibus
827 500 906 562 bella
922 520 1005 562 sacra
1021 501 1058 561 ab
1075 501 1320 563 occidentalibus
1335 522 1424 585 pere-

115 607 212 688 grinis
229 621 401 685 narrantur,
423 621 452 668 et
467 607 599 686 chartae,
616 626 697 687 quae
713 607 751 668 ad
769 607 865 689 Cypri
883 624 912 670 et
929 608 1094 670 Armeniae
1109 609 1158 670 vel
1175 608 1323 691 privatam
1340 610 1424 672 ordi-

116 734 195 777 num
212 714 404 796 equestrium
421 714 581 778 historiam
598 714 738 793 attinent,
755 730 809 776 aut
825 715 916 797 plane
933 714 1109 795 omisimus,
1120 732 1174 778 aut
1183 717 1314 779 breviter
1324 736 1424 779 anno-

115 823 284 886 tationibus
299 822 467 902 attigimus.
507 821 576 882 Hoc
592 836 697 882 tamen
716 819 950 899 confirmamus,
975 823 1095 884 nullam
1117 843 1183 885 rem
1205 825 1379 903 graviorem
1396 839 1425 884 et

117 928 266 1009 majorem
283 928 427 1010 (exceptis
445 926 579 1006 ineditis)
603 946 661 988 nos
685 926 810 1007 fugisse,
836 926 885 989 vel
907 947 924 988 a
942 928 1032 989 nobis
1055 931 1302 1012 praetermissam
1319 931 1423 992 fuisse.

117 1038 262 1119 Denique
278 1038 358 1099 libro
375 1052 483 1098 nostro
499 1034 636 1097 indicem
652 1052 868 1116 personarum,
885 1035 1028 1098 locorum
1045 1053 1074 1097 et
1090 1057 1194 1099 rerum
1206 1057 1331 1100 necnon
1341 1039 1425 1118 glos-

116 1145 232 1208 sarium
256 1144 437 1206 addendum
461 1162 527 1205 esse
550 1141 728 1226 putavimus
750 1158 918 1224 sperantes,
945 1143 1027 1204 viros
1046 1143 1155 1208 doctos
1178 1145 1250 1207 inde
1275 1165 1425 1226 magnum

119 1254 254 1315 fructum
271 1251 402 1314 libenter
418 1266 619 1334 percepmros
635 1269 712 1312 esse.

224 1370 338 1448 Restat,
357 1383 390 1430 ut
410 1367 481 1429 viris
500 1366 713 1447 ornatissimis,
731 1367 846 1448 quibus
862 1389 880 1429 a
896 1367 1052 1430 Friderico
1068 1369 1227 1430 Bbhmero
1250 1368 1423 1430 testamenti

117 1476 308 1557 exsequendi
334 1495 406 1536 cura
432 1476 576 1537 mandata
599 1475 673 1554 fuit,
704 1475 849 1538 Dominis
880 1476 933 1537 Dr.
958 1476 1074 1538 Adolfo
1097 1477 1134 1538 de
1159 1476 1308 1554 Harnier,
1339 1477 1425 1556 regio

117 1583 249 1665 justitiae
259 1580 435 1645 consiliario
446 1597 475 1644 et
486 1582 540 1643 Dr.
550 1580 708 1643 Friderico
719 1581 971 1643 Schmidt-Polex
981 1581 1211 1644 Francofortiae
1221 1582 1260 1643 ad
1272 1583 1425 1644 Moenum

117 1691 290 1754 constitutis
300 1689 433 1773 optimas
443 1689 592 1750 maximas
597 1688 709 1769 gratias
718 1706 817 1768 agam,
825 1688 881 1770 qui
891 1708 927 1750 ex
938 1689 1079 1770 pecunia,
1087 1707 1181 1768 quam
1193 1689 1218 1751 F
1220 1690 1426 1751 r.Bbhmerus

117 1800 155 1860 ad
180 1798 339 1860 historiam
360 1796 547 1860 Germaniae
567 1795 734 1858 fovendam
754 1812 783 1857 et
801 1796 1013 1858 illustrandam
1033 1796 1205 1879 proposuit,
1223 1795 1425 1858 libentissime

119 1924 264 1986 magnam
281 1918 399 1986 partem
415 1903 454 1964 ad
470 1902 556 1965 hunc
573 1903 688 1965 librum
703 1901 784 1985 typis
800 1903 1018 1983 excudendum
1035 1904 1255 1983 praebuerunt,
1272 1920 1426 1986 praeterea

117 2013 285 2076 clarissimo
301 2010 448 2072 Delaville
464 2008 492 2072 le
508 2009 685 2089 Rouht,qui
702 2007 820 2071 ordinis
829 2008 1017 2070 S.Johannis
1031 2008 1172 2070 codicem
1189 2010 1425 2093 diplomaticum

118 2120 258 2183 editurus
274 2118 393 2200 aliquot
409 2117 644 2181 emendationes
659 2133 800 2178 textuum
817 2137 872 2200 per
888 2116 918 2178 S.
935 2116 1065 2179 Paolum
1087 2118 1242 2180 editorum
1260 2119 1425 2181 nobiscum

118 2226 339 2308 benignissime
356 2225 607 2302 communicavit,
631 2223 767 2305 denique
790 2222 1024 2286 bibliothecario
1050 2225 1248 2288 ornatissimo
1264 2227 1426 2288 Parisiensi

119 2334 264 2397 Condere
279 2350 309 2395 et
324 2333 424 2395 amico
440 2348 547 2394 nostro
564 2332 600 2394 C.
613 2330 786 2411 Deaimoni‚
803 2331 1012 2395 archiviorum
1029 2331 1174 2412 Liguriae
1190 2333 1354 2415 praefect0,
1371 2333 1427 2415 qui

118 2443 238 2505 chartas
254 2442 384 2504 ineditas
400 2441 589 2503 obtulerunt.

225 2636 460 2717 BEROLINI,
483 2639 520 2700 18
538 2636 725 2700 Novembris
746 2638 838 2717 1892.

920 2832 1114 2905 Reinhold
1142 2833 1343 2907 Riihricht.
