3398 5400
192 347 226 402 80
769 346 944 414 Repesta

237 545 498 623 (1258-1276).
515 581 557 592 —
575 547 670 627 Hngo
682 546 1498 628 11111111113111111101ρί11111οωἰηί1108011011,

192 636 256 697 iiiio
273 638 424 698 ivlihoude
441 637 468 697 11
484 635 594 711 Gaitie,
609 637 772 698 stationem
794 636 826 697 in
842 656 917 716 ruga
935 653 1043 716 portus
1067 636 1152 697 urbis
1167 634 1306 717 Tripolis
1322 652 1352 696 et
1367 637 1500 699 domum

192 725 224 785 in
240 728 339 805 burgo
356 725 494 803 ejusdem
511 726 595 786 urbis
611 726 709 797 sitam,
725 745 805 806 qnae
822 725 967 787 ecclesiae
985 725 1014 786 8.
1032 723 1158 803 Georgii
1174 725 1385 786 Jacobitarum
1401 727 1500 788 vicina

192 831 245 890 est,
262 817 320 876 sub
337 834 432 876 censu
449 815 519 875 XVI
536 814 738 876 bisantiorum
765 834 823 895 pro
846 815 975 876 statione
997 830 1026 874 et
1043 814 1082 874 lV
1106 814 1311 876 bisantiorum
1327 834 1386 896 pro
1403 817 1499 877 domo

192 904 342 964 solvendo
373 904 542 979 concedit¹)
574 904 622 978 (D.
653 904 734 965 Cart.
766 903 798 980 ll,
837 924 866 984 p.
899 904 974 983 854,
1000 903 1051 964 No
1095 904 1196 977 288&
1229 902 1345 964 Invent
1371 924 1401 985 p.
1433 924 1499 984 ¹⁰4·

192 993 252 1053 Νο.
294 995 355 1057 61.
1397 989 1499 1052 1270b

273 1013 303 1146 31)
316 995 359 1130 lie
373 1075 503 1148 personis
516 1089 544 1130 et
556 1092 587 1130 re
600 1075 667 1130 nihil
681 1075 796 1130 aliunde
809 1075 925 1130 scimus.

242 1168 330 1229 1259
345 1170 402 1247 (vel
423 1167 523 1245 1260)
541 1171 627 1231 Mart.
645 1172 673 1231 6.
688 1203 731 1213 -
749 1170 872 1230 isabella
895 1170 933 1231 de
959 1170 1110 1249 Adeione,
1134 1170 1225 1231 vidua
1249 1170 1398 1251 lingonis
1418 1172 1498 1249 (Aie-

193 1260 320 1336 manni),
336 1259 434 1320 fratris
450 1259 570 1320 domini
587 1259 944 1330 Acconensisliohannis
955 1259 1140 1336 Alemanni),
1155 1259 1307 1341 Hospitaii
1324 1261 1381 1322 DC
1397 1261 1496 1322 bisan-

192 1347 251 1409 tios
275 1349 313 1409 de
338 1349 484 1410 domibus
507 1348 695 1428 quibusdam
722 1349 956 1409 Acconensibus
981 1348 1184 1429 recipiendos,
1196 1349 1215 1426 ¹}
1247 1369 1327 1430 quas
1351 1350 1497 1412 dominus

193 1436 359 1498 Caesareae
384 1437 535 1519 Hospitali
561 1437 739 1498 vendiderat
763 1438 860 1518 pretio
886 1437 949 1498 MD
976 1437 1189 1512 bisantiorum,
1214 1439 1340 1500 remittit
1365 1454 1395 1500 et
1419 1441 1496 1500 hanc

192 1545 348 1588 summam
365 1548 381 1587 a
398 1526 487 1587 fratre
504 1525 674 1587 Guilielmo
692 1527 813 1588 Marino
839 1546 871 1587 se
896 1527 1049 1608 accepisse
1074 1526 1237 1588 confirmat
1261 1527 1310 1603 (D.
1332 1529 1448 1590 Cartul.
1466 1527 1497 1605 11,

193 1636 220 1697 p.
233 1617 307 1692 867,
322 1616 383 1680 No.
403 1635 506 1694 2914:
525 1616 640 1679 lnvent.
657 1636 686 1697 p.
706 1636 757 1695 97,
774 1617 834 1676 No.
855 1616 937 1695 320).
1400 1613 1498 1677 12712

285 1700 303 1767 ¹)
316 1700 379 1753 Huc
392 1699 515 1769 pertinet
528 1698 625 1753 charta
643 1718 651 1752 1
669 1697 745 1771 Majo
765 1715 828 1770 ¹255
843 1698 917 1753 edita
932 1698 1001 1769 (ΚΗ.
1014 1698 1069 1753 Νο.
1089 1700 1175 1771 ¹²34)-

283 1837 300 1871 ,,
345 1792 443 1875 Aprili
464 1813 510 1873 ¹4·
529 1793 563 1853 ln
580 1794 688 1871 Monte
704 1794 879 1873 Peregrino.
903 1825 947 1837 -
970 1794 1083 1855 Charta
1100 1794 1245 1876 lingonis
1268 1795 1307 1855 de
1330 1793 1453 1856 Gibelet
1467 1795 1497 1855 in

193 1884 231 1944 D.
249 1883 330 1944 Cart.
349 1883 382 1959 11,
401 1904 429 1963 p.
448 1882 633 1960 867-868,
650 1884 709 1943 No.
728 1902 822 1962 1915.
1285 1897 1291 1908 ·
1413 1880 1498 1943 1272

281 2018 298 2047 ,,
344 1971 441 2053 Aprili
463 1992 509 2051 19.
525 2005 569 2015 -
585 1971 811 2034 bohemundus
834 1970 906 2050 (Vll,
929 1971 1071 2054 princeps
1104 1971 1318 2034 Antiochenus
1344 1989 1375 2034 et
1397 1978 1497 2035 comes

192 2060 414 2143 Tripolitanns,
431 2061 611 2142 magistrum
628 2060 796 2144 Hospitalis
813 2061 981 2140 lingonem
1001 2059 1095 2122 Revel
1120 2060 1249 2142 ejusque
1267 2061 1375 2124 fratres
1391 2083 1408 2123 a
1424 2080 1497 2144 pen-

193 2149 298 2211 sandis
314 2150 444 2225 damnis,
460 2170 541 2231 quae
557 2150 621 2232 ipse
638 2152 675 2211 ab
692 2151 750 2212 illis
766 2170 874 2232 passus
892 2150 983 2212 fnisse
1000 2150 1113 2212 dixerat
1129 2170 1165 2214 ex
1181 2168 1329 2234 tempore,
1345 2170 1412 2232 quo
1429 2170 1497 2212 cum

194 2237 363 2300 Guilielmo
379 2240 418 2300 de
429 2239 538 2302 Castro
554 2259 637 2301 novo
653 2239 800 2320 magistro
817 2259 923 2319 pacem
941 2239 1059 2313 ecerat,
1067 2240 1087 2316 ¹)
1104 2239 1233 2302 absolvit
1249 2259 1355 2301 coram
1366 2240 1499 2314 Thomu,

194 2328 663 2410 patriarchaiiierosolymitano,
679 2330 778 2408 legato
789 2327 876 2389 Sedis
886 2328 1083 2409 Apostoircae
1100 2345 1129 2389 et
1145 2344 1345 2409 procuratore
1356 2328 1498 2391 ecciesiae

194 2411 601 2571 AcconeppisRffNCamug,
593 2438 645 2499 ,.p
663 2418 737 2494 868,
751 2418 812 2480 No.
829 2419 931 2496 2916;
949 2418 1064 2479 iuvent.
1082 2439 1111 2500 p.
1130 2439 1181 2498 95,
1196 2419 1257 2480 No.
1277 2420 1361 2498 313).
1398 2415 1498 2557 1272·Ι

480 2518 498 2556 o
526 2519 534 2555 1

282 2595 443 2676 „Aprili
461 2616 573 2662 11.-
529 2595 675 2657 -ldem
691 2614 763 2657 cum
778 2595 889 2658 iisdem
900 2595 1042 2658 iratribus
1054 2615 1161 2678 pacem
1178 2595 1287 2659 iactam
1304 2615 1371 2661 esse
1387 2595 1498 2658 confir·

194 2700 256 2746 mat
272 2685 330 2748 sub
346 2684 394 2747 his
410 2684 688 2747 conditionibusz'
681 2702 759 2747 111111
783 2685 952 2766 principem
976 2704 1006 2747 11
1021 2685 1181 2766 Hospitale
1205 2703 1328 2767 semper
1352 2705 1413 2768 pax
1437 2685 1499 2762 erit,

194 2774 277 2856 prior
293 2773 376 2835 alteri
394 2775 515 2849 domos,
530 2789 623 2837 terras
639 2789 669 2834 et
684 2773 793 2837 casalia
809 2791 923 2836 retenta
939 2776 1046 2835 reddet
1070 2791 1100 2835 et
1115 2775 1276 2836 annuatim
1293 2774 1317 2836 ii
1334 2774 1498 2836 1111111111-

194 2862 360 2943 guillarnm
377 2863 943 2945 1οι111111111ρ1111111,11111111111111111
960 2863 1088 2943 qnidam
1105 2863 1144 2924 de
1154 2864 1436 2926 consuetudinibus
1446 2882 1498 2944 per

195 2953 299 3015 fratres
311 2952 494 3014 Antiochiae
503 2953 645 3030 allegatas
662 2953 803 3015 decident
817 2969 846 3013 et
862 2953 955 3013 iidem
972 2952 1108 3015 libertate
1119 2952 1307 3015 venditionis
1323 2970 1352 3015 et
1368 2953 1497 3034 emptio

195 3042 242 3105 nis
259 3040 399 3102 fruentur
415 3042 463 3118 (D.
479 3042 560 3105 Cart.
577 3042 611 3117 il,
626 3063 655 3123 p.
673 3039 747 3116 868,
764 3042 824 3103 Νο.
841 3061 943 3121 anm
961 3042 1077 3102 lnvcnt.
1093 3062 1122 3123 p.
1139 3062 1191 3122 95,
1206 3043 1266 3104 No.
1286 3062 1366 3123 314:
1384 3041 1422 3106 11.
1433 3040 1498 3103 RH.

193 3131 253 3193 No.
277 3130 379 3208 1284).
1397 3123 1498 3190 12721

282 3282 300 3313 ,,
346 3234 430 3312 Maio
449 3256 498 3316 15.
515 3242 631 3299 Accon.
649 3271 694 3283 -
710 3238 806 3316 lingo
824 3239 926 3313 Revel,
943 3238 1086 3316 magister
1096 3237 1273 3321 Hospitalis,
1292 3239 1398 3300 Marco
1407 3239 1497 3300 insti·

194 3324 299 3399 niano,
316 3323 422 3401 bajulo
439 3325 684 3388 Venetianorum
702 3329 943 3405 Acconensinm,
959 3328 1048 3389 Petro
1065 3327 1166 3389 Bricio
1182 3343 1212 3389 et
1226 3328 1363 3390 iohanni
1380 3329 1419 3390 de
1430 3328 1497 3392 Mo·

193 3414 269 3489 lino,
286 3411 352 3489 ejus
368 3415 558 3488 consiliariis,
574 3417 705 3479 domum
721 3423 935 3481 Acconensem
957 3419 1015 3479 snb
1032 3436 1125 3480 censu
1141 3418 1197 3479 XL
1215 3417 1422 3480 bisantiorum
1445 3436 1497 3480 an·

195 3503 279 3564 nuali
295 3521 388 3584 snper
403 3504 572 3565 redditibus
595 3506 727 3568 duarum
750 3507 917 3568 stationum
934 3505 1182 3587 recipiendorum
1206 3505 1379 3569 confirmat.
1410 3506 1498 3569 fines

194 3611 267 3652 vero
283 3592 452 3653 antedictae
476 3594 590 3656 domus
612 3611 684 3657 sunt
706 3598 744 3655 ab
767 3596 885 3656 oriente
901 3596 1023 3671 domus,
1046 3614 1126 3675 quae
1142 3596 1268 3657 fuerunt
1285 3595 1446 3659 Guilielmi
1461 3594 1497 3655 de

194 3679 317 3759 Nogan,
333 3683 370 3741 ab
387 3682 547 3744 occidente
572 3683 680 3764 platea,
706 3684 759 3744 ubi
785 3685 999 3746 vendebantur
1024 3703 1125 3766 cepae,
1151 3686 1205 3747 ubi
1230 3699 1275 3749 est
1290 3705 1377 3747 nunc
1393 3704 1498 3747 murus

195 3787 295 3831 novus
311 3770 511 3848 Venetorum,
527 3792 543 3832 a
561 3774 686 3834 meridie
712 3774 760 3833 via
786 3773 972 3850 communis,
997 3773 1049 3835 nbi
1075 3788 1121 3835 111
1145 3793 1230 3836 nunc
1255 3793 1320 3836 una
1343 3795 1381 3836 ex
1408 3773 1498 3854 portia

195 3859 284 3921 novis
300 3860 400 3940 operis
417 3861 593 3923 communis
610 3862 763 3936 Venetiae,
780 3884 796 3922 1
813 3864 904 3923 borea
921 3864 1034 3924 domus
1051 3863 1154 3924 uxoris
1164 3863 1241 3926 olim
1252 3863 1404 3938 Panduist,
1420 3881 1497 3944 quae

195 3946 252 4009 init
269 3948 332 4008 lilio
350 3948 420 4010 dicti
438 3949 597 4012 Guilielmi
615 3952 654 4012 de
669 3953 789 4030 Nogan,
814 3951 866 4013 ubi
890 3968 934 4013 est
957 3971 1067 4030 magna
1084 3952 1114 4030 li]
1132 3952 1179 4013 via
1202 3955 1382 4015 communis
1407 3953 1440 4013 in
1454 3952 1499 4013 in-

194 4037 289 4099 troitu
305 4053 410 4119 portae
435 4039 507 4098 novi
531 4041 611 4101 muri
635 4041 811 4102 communis
828 4040 1034 4102 Venetiarum.
1067 4039 1220 4102 Stationes
1243 4061 1316 4104 vero
1332 4041 1499 4104 antedictae

194 4125 266 4187 sitae
283 4142 356 4189 sunt
372 4146 468 4208 prope
486 4128 614 4208 plateam
631 4129 707 4191 olim
723 4130 834 4191 dictam
846 4130 1137 4208 longobardorum,
1153 4150 1233 4212 quae
1251 4150 1338 4193 nunc
1354 4148 1400 4194 est
1415 4149 1499 4193 cont·

195 4216 298 4278 munis
316 4215 522 4278 Venetiarunt.
556 4217 639 4281 Finis
655 4220 763 4300 prioris
779 4235 867 4281 sunt:
885 4221 922 4280 ab
939 4219 1098 4281 occidente
1113 4220 1212 4296 statio,
1228 4239 1309 4299 quae
1327 4220 1385 4283 fuit
1400 4219 1499 4282 domi·

196 4324 253 4365 nae
269 4304 416 4386 Symone,
432 4306 536 4367 uxoris
553 4308 629 4369 oiim
646 4307 797 4381 pandulfi,
822 4308 875 4368 nbi
901 4328 987 4369 nnnc
1010 4325 1054 4370 est
1076 4308 1225 4389 Symonis
1248 4310 1287 4370 de
1313 4308 1449 4381 Graecis,
1463 4310 1499 4369 ab

196 4393 312 4454 oriente
328 4395 417 4455 statio
436 4395 531 4456 Denis
548 4397 658 4468 militis,
675 4420 692 4459 a
709 4397 836 4460 meridie
853 4398 932 4459 dicta
949 4399 1054 4478 platea,
1078 4419 1095 4459 a
1119 4403 1209 4459 borea
1226 4399 1316 4461 statio
1339 4399 1417 4460 oiim
1433 4398 1499 4459 iin-

195 4483 285 4560 gonis
302 4484 339 4544 de
356 4484 498 4556 Casteilo,
515 4484 592 4546 lines
608 4506 681 4548 vero
697 4488 838 4548 alterius:
863 4490 901 4547 ab
924 4488 1041 4547 oriente
1058 4487 1145 4548 statio
1161 4488 1314 4550 iohannis
1329 4490 1369 4549 de
1387 4488 1500 4557 Trecis,

195 4574 233 4631 ab
250 4573 408 4634 occidente
425 4573 520 4635 Denis
536 4575 648 4653 militis,
665 4598 682 4636 a
699 4576 824 4637 meridie
842 4576 987 4655 Hugonis
1002 4577 1040 4637 de
1057 4576 1204 4649 Castello,
1218 4598 1236 4639 a
1252 4579 1347 4639 borea
1358 4577 1406 4639 via
1417 4595 1499 4638 cont·

195 4661 299 4723 munis
315 4677 384 4723 ante
401 4682 525 4741 parvam
542 4681 661 4743 portam
678 4663 708 4725 8.
719 4666 824 4727 Μ1111.
839 4699 883 4709 -
899 4666 1053 4745 Scriptum
1071 4686 1124 4746 per
1133 4667 1317 4743 iohannem,
1334 4667 1498 4747 plebanum

196 4747 225 4807 S.
244 4751 336 4810 Marci
355 4753 552 4827 Acconensis,
578 4753 610 4813 in
635 4754 760 4816 ecclesia
778 4755 865 4821 dicta
881 4755 1004 4818 Testes:
1032 4755 1155 4817 Marcus
1177 4755 1379 4829 iustinianns,
1396 4756 1500 4818 Petrus

195 4837 296 4913 Brissi,
311 4840 467 4900 lohannes
478 4841 515 4901 da
528 4843 660 4920 Molin0,
672 4843 836 4905 consiliarii
852 4845 898 4920 lD.
917 4845 997 4905 Cart.
1013 4844 1048 4918 li,
1065 4865 1095 4926 p.
1114 4845 1301 4922 869-870,
1319 4845 1380 4906 No.
1399 4845 1499 4922 1919).
