3398 5400
672 345 752 419 regni
765 338 1027 420 Hierosolymitani.
1437 365 1473 413 at
1487 366 1495 413 l

194 569 322 649 Januae,
341 568 373 630 in
391 568 473 631 dicto
490 569 636 631 comitatu
655 567 811 650 privilegia
835 569 915 629 varia
939 568 1080 630 concedit
1096 584 1124 628 et
1145 566 1246 647 sigillo
1269 567 1441 629 confirmat.
1458 600 1501 611 -

194 658 313 737 Guido,
339 658 488 719 dominus
504 660 542 720 de
558 658 671 739 Bibli0‚
694 659 881 719 bertrandus
898 659 936 719 de
958 658 1069 735 Bibli0‚
1093 657 1301 739 Raymundus
1326 658 1363 718 de
1388 657 1501 735 Bibli0‚

194 747 374 809 Wilielmus
391 748 429 808 de
452 747 563 824 Bibli0‚
591 748 663 826 Ugo
686 748 724 808 de
747 747 858 827 Bibli0‚
885 748 1035 809 Girardus
1059 746 1106 822 (de
1130 747 1231 825 Ham),
1256 747 1502 807 constabularius

193 837 342 918 Tripolis,
360 837 559 898 Raimundus
575 838 613 897 de
630 836 1014 910 Scatrdalione‚lohanues
1031 836 1069 896 de
1085 835 1305 913 Rancheroles,
1323 836 1502 914 Mausellus,

194 926 384 988 bertrandus
399 927 438 987 de
454 925 572 1006 Taisio,
590 925 743 987 Plebanus
760 926 798 986 de
815 927 962 1005 Botroae,
980 925 1105 1001 Saisius,
1123 925 1300 1006 Stephanus
1315 925 1501 1002 Alexander,

193 1015 352 1078 lohannes
369 1014 487 1094 Sarius,
504 1016 645 1076 Thomas
662 1015 780 1095 Sarius,
798 1016 1054 1076 Bartholomaeus
1078 1014 1196 1093 Saxius,
1219 1015 1387 1075 Homodei.
1421 1016 1502 1075 Nota

194 1104 331 1185 magistri
355 1105 506 1165 iohannis
530 1105 567 1166 de
595 1105 768 1184 Corbonio,
795 1105 943 1186 principis
968 1103 1138 1165 cancellari.
1172 1109 1286 1164 Actum
1314 1104 1503 1185 principatus

194 1213 280 1256 auno
296 1193 385 1255 tertio
403 1194 506 1270 (Arch.
524 1195 669 1255 Janueus.
688 1213 795 1255 mazzo
811 1195 898 1275 polit.
917 1194 969 1263 111;
988 1194 1072 1254 unde
1088 1193 1184 1254 edidit
1194 1193 1345 1254 Rbhricht
1356 1193 1388 1253 in
1399 1193 1501 1254 Mitth.

193 1283 224 1345 d.
242 1291 349 1345 dsterr.
368 1283 504 1345 Instituts
521 1283 541 1344 f.
559 1283 855 1345 Geschichtsforsch.
880 1285 971 1362 1891,
990 1304 1019 1365 p.
1037 1282 1122 1362 489).
1432 1279 1502 1341 792

246 1386 348 1467 Ι1204
363 1389 429 1450 lan.
444 1409 493 1469 ²3·
511 1389 680 1468 Anagniae.
698 1424 741 1433 —
758 1390 957 1452 innocentius
969 1389 1004 1450 lll
1022 1388 1143 1465 Pletrol,
1160 1388 1306 1448 cardinali
1323 1391 1502 1470 presbytero

195 1477 226 1540 S.
244 1477 391 1557 Marcelli,
416 1479 601 1557 congaudet,
619 1480 716 1559 quod,
739 1480 929 1560 coepiscopis
946 1478 1042 1560 Cypri
1059 1477 1258 1555 confirmatis,
1280 1477 1359 1538 inter
1374 1479 1502 1539 Pisanos

194 1583 223 1628 et
238 1568 409 1629 Janueuses
420 1572 545 1628 Accone
563 1569 710 1629 bellantes
727 1587 834 1650 pacem
852 1569 932 1646 fecit,
949 1588 983 1628 ac
999 1567 1112 1645 scribit,
1130 1587 1162 1627 se
1179 1565 1318 1642 ejusdem
1335 1567 1447 1628 litteras
1464 1568 1501 1627 de

196 1675 343 1738 processu
361 1657 611 1736 christianorum,
624 1657 661 1717 de
678 1673 756 1718 statu
774 1658 950 1739 provinciae
963 1656 1263 1736 Hierosolymitanae
1279 1676 1313 1716 ac
1331 1657 1448 1717 nuntiis
1464 1656 1502 1717 ad

194 1745 377 1808 saladinum
392 1745 412 1824 ¹)
428 1745 549 1807 directis
565 1747 727 1828 accepisse,
743 1746 874 1826 ejusque
890 1746 1016 1807 arbitrio
1031 1745 1165 1824 remittit,
1177 1762 1281 1806 utrum
1293 1765 1364 1806 cum
1378 1746 1503 1807 Venetis

194 1835 471 1896 excommunicatis
496 1835 729 1897 communicare
752 1836 860 1897 debeat
883 1855 981 1896 necne
1005 1834 1193 1914 (Brequigny
1211 1834 1232 1914 l,
1257 1854 1286 1915 p.
1304 1838 1502 1915 407—408,

195 1924 256 1985 No.
276 1943 355 2003 2093
381 1925 487 2003 Migne
505 1925 539 2000 ll,
557 1944 586 2005 p.
607 1945 645 2005 23
653 1927 793 2006 5—236,
812 1926 872 1986 No.
892 1945 970 2004 2093
996 1924 1143 2002 Porthast,
1162 1925 1222 1984 No.
1242 1924 1348 2003 2093).
1433 1920 1502 1983 793

272 2029 293 2094 ¹)
313 2026 422 2096 Legas:
437 2026 615 2081 Safadinum.

239 2121 252 2200 l
289 2167 308 2199 „
348 2117 491 2203 ineunt).
515 2156 559 2165 -
583 2121 754 2198 Sollredus,
778 2121 808 2183 S.
828 2121 980 2200 Praredis,
1008 2136 1037 2181 et
1054 2120 1169 2198 Petrus,
1193 2120 1223 2181 S.
1242 2120 1388 2198 Marcelli,
1406 2121 1502 2182 cardi-

195 2209 282 2271 nales
300 2211 507 2293 presbyteri,¹)
524 2211 707 2272 Innocentio
724 2211 760 2271 lll
777 2212 917 2272 scribunt
933 2211 971 2271 de
989 2210 1035 2289 iis,
1052 2229 1132 2290 quae
1147 2209 1252 2271 officio
1268 2209 1356 2270 Sedis
1368 2215 1502 2291 Aposto-

195 2298 270 2361 licae
280 2298 454 2379 legatorum
464 2300 629 2379 fungentes
638 2301 669 2360 in
676 2300 772 2360 Terra
782 2300 890 2361 Sancta
901 2315 1072 2380 gesseruut.
1082 2298 1122 2376 (ι)
1132 2297 1242 2374 Quum
1252 2299 1501 2380 priorAcconem

195 2389 340 2466 venisset,
358 2403 464 2468 treuga
482 2388 560 2450 inter
576 2389 759 2450 christianos
775 2404 804 2450 et
821 2390 989 2451 Saracenos
1007 2389 1073 2466 luit,
1097 2389 1150 2449 sed
1175 2408 1225 2448 rex
1246 2389 1412 2449 Armeniae
1429 2408 1501 2450 cum

196 2478 310 2539 comite
327 2478 523 2560 Tripolitano
541 2494 569 2539 et
585 2479 789 2540 Antiochenis
806 2478 922 2540 bellum
938 2479 1031 2558 gessit
1047 2479 1084 2538 de
1102 2477 1276 2559 principatu
1292 2479 1501 2551 Antiocheno,

196 2568 319 2648 quade
343 2587 433 2628 causa
457 2567 618 2628 soffredus
641 2588 712 2629 cum
737 2568 901 2650 (Philippo)
924 2567 1049 2648 Templi
1073 2583 1102 2627 et
1125 2566 1310 2646 (Alphonso)
1334 2568 1502 2649 Hospitalis

196 2655 349 2736 magistris
367 2677 423 2738 pro
441 2677 514 2738 pace
532 2657 727 2717 reformanda
745 2657 942 2718 Antiochiam
966 2657 1048 2732 adiit,
1073 2657 1176 2717 comiti
1197 2673 1225 2716 et
1242 2656 1323 2716 dicto
1341 2657 1502 2718 communi

196 2746 363 2823 mandavit,
382 2761 414 2806 ut
432 2747 559 2807 nuntios
576 2747 741 2825 mitterent,
753 2747 941 2826 quibuscum
959 2745 1147 2806 deliberaret.
1166 2745 1226 2806 Sed
1243 2745 1320 2806 festo
1337 2745 1368 2806 S.
1379 2746 1501 2807 Martini

197 2836 221 2912 (t
235 2856 245 2896 t
261 2835 342 2896 Nov.
359 2834 614 2916 troalTripolim
630 2835 797 2917 profectus,
808 2854 873 2915 quo
890 2855 944 2896 eos
960 2850 1091 2911 vocarat,
1109 2834 1277 2894 antedictos
1295 2854 1360 2895 non
1378 2835 1503 2913 invenit,

197 2943 300 3004 neque
324 2923 437 2984 litteras
460 2925 585 3006 accepit,
609 2944 712 3004 neque
736 2941 866 3004 utraque
887 2944 967 3005 pars,
984 2924 1125 3004 quamvis
1143 2943 1197 3004 per
1213 2925 1457 2984 Anteradensem
1474 2941 1503 2985 et

196 3012 342 3090 (Petrum)
355 3012 618 3075 Bethlemitanum
631 3014 794 3095 episcopos
811 3030 924 3092 rogata,
941 3013 1101 3094 respondit
1116 3032 1216 3092 usque
1232 3013 1270 3073 ad
1288 3012 1399 3074 festum
1418 3014 1501 3093 puri-

196 3101 348 3164 ficationis
364 3102 392 3179 (2
411 3102 499 3163 Febr.
516 3102 617 3182 ¹²03l·
635 3102 728 3164 Tunc
743 3123 817 3163 vero
834 3103 917 3163 venit
933 3102 1272 3183 comesTripolitanus,
1288 3103 1341 3164 sed
1359 3122 1430 3163 cum
1449 3122 1503 3183 per

196 3190 332 3270 (Petrum
346 3191 366 3268 l)
379 3192 611 3252 Antiochenam
630 3208 658 3252 et
674 3191 858 3268 (Albertum)
871 3191 1191 3273 Hierosolymitauum
1202 3191 1386 3272 patriarchas
1398 3192 1502 3253 fuisset

195 3280 492 3357 excommunicatus,
508 3281 626 3359 legatus
647 3301 718 3341 cum
737 3300 774 3341 eo
792 3281 958 3342 convenire
981 3300 1083 3360 neque
1107 3280 1216 3361 potuit,
1234 3300 1336 3360 neque
1353 3301 1407 3362 per
1423 3281 1502 3342 inter
1590 3302 1594 3311 ’

196 3369 344 3432 nuntium
363 3369 500 3450 colloqui
517 3369 624 3432 voluit.
649 3371 818 3450 Postquam
834 3390 905 3431 cum
923 3370 1064 3430 fratribus
1081 3369 1249 3451 Hospitalis
1265 3389 1322 3451 pro
1339 3370 1427 3449 lacto,
1445 3390 1502 3451 pro

196 3478 261 3540 quo
287 3477 393 3519 comes
419 3459 476 3519 luit
497 3460 793 3540 excommunicatus,
818 3460 983 3521 concordia
1007 3458 1083 3519 facta
1106 3475 1160 3537 est,
1185 3459 1284 3519 noluit
1309 3459 1500 3520 mentionem

196 3548 259 3610 fieri
277 3548 367 3628 legati
385 3564 422 3625 et,
438 3567 511 3608 cum
529 3548 632 3608 fratres
648 3549 715 3610 sine
732 3547 798 3626 ejus
815 3568 971 3610 consensu
989 3548 1066 3608 nihil
1087 3568 1176 3627 agere
1196 3548 1318 3624 vellent,
1336 3550 1501 3610 concordia

195 3636 312 3720 dilapsa
330 3652 374 3697 est
390 3653 419 3698 et
435 3637 553 3716 legatus
570 3637 685 3697 ibidem
703 3636 794 3715 jacuit
811 3658 910 3718 usque
927 3639 965 3698 ad
984 3657 1022 3717 23
1042 3639 1131 3698 Mart.
1149 3656 1239 3717 1203.
1258 3637 1501 3699 Sollredusinde

195 3731 355 3789 Acconem
372 3746 511 3786 reversus
528 3727 643 3787 multos
661 3727 777 3788 invenit
794 3728 832 3788 de
843 3728 979 3808 partibus
991 3727 1146 3805 Franciae,
1158 3727 1212 3807 qui
1224 3747 1295 3788 cum
1307 3747 1377 3805 rege
1390 3728 1500 3787 Hiero-

195 3815 385 3899 solymitano
401 3832 430 3876 et
446 3815 592 3895 magistro
608 3816 732 3897 Templi
751 3817 854 3897 ipsum
871 3817 1023 3895 adierunt,
1040 3832 1074 3876 ut
1090 3836 1195 3877 secum
1214 3817 1409 3877 Antiochiam
1428 3837 1501 3898 pro-

195 3904 391 3966 ficisceretur.
425 3905 528 3984 ltaque
551 3905 669 3986 legatus
693 3924 764 3965 cum
788 3905 935 3984 magistro
954 3905 1089 3987 Templi,
1112 3922 1308 3986 praeceptore
1334 3906 1502 3987 Hospitalis

196 3994 396 4056 Antiochiam
414 3993 577 4073 navigavit,
598 3995 733 4055 secunda
750 3995 799 4055 die
817 3993 937 4055 intravit
953 4011 982 4055 et
998 3995 1077 4074 regis
1095 3994 1370 4074 Hierosolymitani
1386 3996 1501 4056 adven-

194 4099 260 4145 tum
271 4098 450 4165 exspectans
460 4103 532 4144 cum
544 4103 615 4162 rege
624 4084 788 4145 Armeniae
799 4083 999 4164 colloquutus
1010 4099 1065 4162 est,
1075 4083 1129 4164 qui
1138 4084 1195 4144 XX
1206 4083 1301 4144 millia
1311 4101 1500 4145 armatorum

194 4174 231 4234 ad
248 4172 425 4234 subsidium
442 4172 666 4233 christianitatis
683 4173 794 4234 obtulit
809 4189 839 4233 et
849 4171 979 4251 justitiae
990 4172 1079 4234 Sedis
1090 4173 1285 4254 Apostolicae
1296 4193 1328 4233 se
1339 4192 1501 4234 commen-

194 4262 287 4341 davit,
304 4262 368 4339 sed,
386 4262 551 4321 concordia
568 4262 745 4341 annihilata,
769 4262 930 4323 Sollredus
953 4263 1038 4323 solus
1055 4283 1126 4323 cum
1144 4281 1210 4325 uno
1228 4262 1310 4323 fideli
1326 4264 1500 4343 Margatum

192 4351 277 4413 venit
287 4370 464 4426 mansurus,
478 4351 579 4411 donec
595 4352 757 4412 cardinalis
772 4353 845 4413 alter
856 4352 998 4432 Cyprum
1014 4371 1048 4413 ac
1065 4352 1177 4413 deinde
1188 4357 1347 4413 Acconem
1358 4353 1500 4428 venisset,

193 4441 308 4503 scilicet
332 4441 449 4516 Petrus,
468 4440 522 4519 qui
549 4440 748 4502 Antiochiam
772 4458 800 4501 et
818 4442 997 4501 Armeniam
1014 4441 1097 4502 adire
1113 4441 1244 4502 volebat.
1261 4440 1398 4518 (alldcm
1415 4462 1500 4503 nunc

194 4546 305 4607 narrat,
317 4549 397 4611 quae
408 4528 524 4590 ibidem
534 4530 636 4607 gessit.
655 4534 812 4590 Acconem
824 4528 974 4610 appulsus
986 4530 1101 4610 pluries
1111 4552 1127 4590 a
1138 4531 1244 4591 Leone
1256 4550 1327 4608 rege
1344 4548 1373 4591 et
1388 4532 1500 4592 comite

191 4619 389 4702 Tripolitano
414 4636 538 4696 rogatus
562 4635 616 4697 est,
640 4635 673 4680 ut
698 4619 895 4680 Antiochiam
919 4618 1046 4695 veniret,
1071 4619 1176 4699 ibique
1199 4640 1251 4679 rex
1275 4620 1450 4701 postulavit,
1469 4636 1501 4681 ut

192 4728 299 4769 comes
311 4708 474 4768 Antiochia
486 4706 646 4785 ejiceretur
657 4725 684 4769 et
695 4708 751 4768 sibi
768 4707 877 4781 justitia
895 4708 1099 4785 exhiberetur,
1116 4710 1169 4769 scd
1187 4725 1256 4790 post
1274 4709 1407 4770 inlinitas
1424 4729 1500 4770 con-

192 4805 407 4814 ...——-—-—..-..

252 4831 290 4952 8¹)
310 4826 354 4952 (bf.
370 4825 511 4894 l’otthast,
533 4827 587 4882 No.
607 4828 807 4899 1607-1oos3
834 4828 869 4881 de
883 4827 969 4882 rebus
983 4828 1019 4881 ab
1038 4827 1146 4881 eisdem
1168 4827 1255 4896 gestis
1275 4828 1310 4882 cl'.
1327 4829 1440 4883 Wilken
1456 4829 1501 4893 Vl,

192 4917 220 4973 p.
240 4917 246 4953 r
273 4916 321 4952 -2
344 4939 350 4951 .

1289 5005 1335 5077 14·
