3398 5400
200 311 234 381 56
767 313 941 382 Regesta

248 513 337 573 1210
353 513 424 592 Maj.
448 534 493 593 ¹5·
509 548 553 557 -
569 513 728 595 Philippus
744 514 782 576 de
793 514 915 592 lbelin¹l
934 534 1059 575 assensu
1071 515 1186 576 Mariae
1196 515 1244 590 (de
1256 515 1504 589 Monteferrato).

199 604 345 665 dominae
362 603 659 685 Hierosolymitanae
677 620 706 664 et
721 603 871 664 Johannis
887 597 933 665 'de
955 603 1060 681 lbelin,
1084 604 1292 685 procuratoris
1318 604 1395 665 dicti
1411 605 1505 684 regni,

200 712 324 753 necnon
339 692 443 769 Alicis,
459 693 630 753 comitissae
647 693 695 764 (de
712 692 988 767 Montebelliardo),
1015 694 1118 754 uxoris
1137 713 1219 767 suae,
1236 693 1393 774 Hospitali
1410 712 1504 773 quae·

198 784 271 843 dam
288 782 395 842 casalia
412 781 444 841 in
460 782 611 842 territorio
628 781 762 843 Acconis
778 781 833 842 sita
850 781 947 861 pretio
962 782 1003 843 lX
1019 781 1152 843 millium
1178 781 1385 844 bisantiorum
1401 781 1503 843 vendit

199 872 246 947 (D.
262 871 344 934 Cart.
360 871 394 947 ll,
412 891 440 951 p.
464 891 533 946 117,
551 871 610 931 N0.
633 872 730 950 13463
748 871 863 931 lnvent.
882 890 910 951 p.
928 891 979 949 75.
997 872 1056 935 No.
1079 872 1157 950 199).
1420 869 1503 930 841⁸

292 956 310 1024 Ι)
323 955 465 1008 Personae
488 960 541 1008 hac
562 953 591 1007 in
614 954 710 1008 charta
733 954 899 1008 nominatae
919 954 985 1009 satis
1007 967 1094 1009 notae
1108 967 1182 1018 sunt,
1204 955 1239 1010 de
1252 953 1422 1009 venditione
1434 970 1501 1009 vero

197 1025 334 1080 casalium
347 1025 440 1079 adhuc
454 1024 521 1079 nihil
535 1037 717 1095 compertum
731 1025 891 1080 habuimus.

288 1169 306 1197 „
353 1126 434 1198 Aug.
452 1153 495 1162 —
511 1119 709 1199 Privilegium
734 1119 846 1181 Leonis
871 1119 902 1196 ll,
934 1119 1013 1198 regis
1035 1120 1210 1195 Armeniae,
1232 1121 1264 1181 in
1293 1120 1331 1180 D.
1359 1119 1442 1182 Cart.
1467 1119 1499 1188 11.

198 1231 226 1291 p.
249 1209 502 1287 118—r19,N0.
526 1209 643 1289 13491).
1436 1205 1501 1268 848

289 1293 364 1361 1),Ι)ε
378 1292 501 1362 Rogerio
515 1292 549 1346 de
564 1293 663 1346 Monte
677 1291 889 1346 constabulario
909 1291 1036 1346 chartam
1056 1291 1252 1347 subscribente
1272 1291 1358 1347 nobis
1379 1293 1414 1346 D.
1428 1293 1501 1346 Baro

198 1364 229 1417 E.
245 1363 277 1417 G.
291 1365 351 1435 Rey
364 1363 490 1432 scripsit:
504 1362 538 1417 »tl
552 1363 712 1434 appartient
726 1362 742 1417 ai
755 1363 780 1417 la
794 1362 899 1417 famille
914 1362 964 1417 des
977 1364 1074 1418 Monts
1088 1363 1239 1434 originaire
1253 1363 1292 1418 du
1307 1363 1405 1418 hlaine
1419 1362 1467 1435 qui
1484 1381 1500 1416 a

198 1434 294 1490 fourni
307 1453 321 1507 3
336 1433 522 1490 connetables
537 1434 715 1489 d'Antioche.
735 1435 775 1489 Le
786 1436 923 1490 tombeau
938 1435 974 1488 de
984 1434 1042 1488 l'un
1051 1435 1101 1489 des
1110 1436 1254 1490 membres
1264 1436 1300 1490 de
1309 1447 1385 1489 cette
1393 1433 1499 1489 famitte

197 1505 285 1561 existe
300 1523 405 1562 encore
419 1506 488 1560 chez
502 1505 562 1561 moi
575 1503 592 1560 a
606 1506 778 1573 Lauresse«;
792 1505 827 1560 cf.
842 1506 902 1576 lley
916 1505 943 1559 in
956 1505 1052 1560 Revue
1065 1505 1101 1560 de
1114 1505 1235 1561 l’Orient
1248 1505 1295 1560 lat.
1309 1498 1384 1573 Vlll,
1397 1524 1425 1577 p.
1443 1523 1498 1577 rip.

287 1648 305 1678 „
351 1600 433 1682 Sept.
451 1632 494 1642 -
511 1600 623 1661 Charta
639 1599 816 1680 Hugonisl,
832 1600 911 1678 regis
921 1598 1026 1680 Cypri,
1039 1599 1071 1661 in
1083 1599 1119 1660 D.
1129 1598 1210 1660 Cart.
1223 1599 1256 1673 ll,
1267 1619 1297 1680 p.
1317 1620 1498 1676 rar—122,

198 1689 257 1750 No,
280 1709 370 1769 1354
1431 1687 1499 1748 844

287 1826 305 1857 „
353 1778 434 1859 Sept.
450 1811 494 1820 -
510 1777 622 1838 Charta
639 1776 816 1858 Raymundi
832 1777 959 1858 Rupini,
982 1776 1126 1859 principis
1141 1777 1339 1849 Antiocheni,
1362 1797 1425 1858 qua
1442 1779 1499 1839 fra-

196 1867 292 1928 tribus
309 1866 477 1949 Hospitalis
494 1866 643 1927 civitatem
660 1866 772 1928 Gabuli
783 1867 801 1943 ¹)
818 1883 847 1927 et
862 1866 1021 1928 castellum
1038 1866 1193 1939 Vetutae²l
1211 1867 1391 1945 concedit,³)
1415 1868 1447 1928 in
1463 1867 1499 1930 D.

197 1956 277 2018 Cart.
296 1956 328 2033 ll,
347 1978 376 2038 p.
400 1975 550 2036 raa-123,
568 1957 628 2018 No.
651 1975 741 2036 1355;
758 1956 873 2016 lnvent.
891 1978 919 2038 p.
938 1958 988 2033 76,
1005 1956 1065 2017 Νο.
1086 1974 1158 2016 202.
1429 1954 1498 2015 845

271 2042 290 2109 1)
300 2039 344 2094 Cf.
354 2039 572 2111 suprah'o.820.
631 2044 649 2097 2l
662 2040 749 2107 Quod
758 2040 920 2094 nuncls'alat
928 2039 1083 2094 Muhelbeh
1091 2039 1145 2108 (vel
1163 2038 1331 2105 Dalatonos)
1343 2056 1408 2094 esse
1418 2039 1497 2094 vide·

196 2123 242 2165 tur
255 2111 424 2180 (Hartmann
437 2109 466 2165 in
479 2109 571 2164 Mitth.
585 2128 612 2163 u.
622 2111 724 2164 Nachr.
739 2110 765 2166 d.
779 2110 865 2164 DPV.
884 2110 958 2182 1899,
968 2128 997 2191 p.
1014 2109 1100 2178 6-83
1114 2109 1182 2182 Rey,
1196 2110 1250 2164 Les
1271 2110 1401 2166 colonies
1423 2110 1499 2165 fran-

195 2199 267 2253 ques
283 2183 352 2255 336).
443 2184 464 2251 Β)
478 2180 607 2251 Sigillum
621 2181 758 2235 Bernardi
776 2181 811 2235 de
825 2182 905 2248 Texi,
925 2199 974 2262 qur
994 2198 1147 2236 successor
1165 2180 1219 2235 fuit
1232 2180 1329 2236 Garini
1350 2183 1388 2237 de
1400 2183 1499 2236 Monte

196 2266 288 2317 acum,
303 2252 456 2324 Hospitalis
471 2251 607 2322 magistri,
619 2252 655 2307 cf.
670 2252 697 2307 in
711 2252 806 2307 Revue
820 2253 855 2307 de
868 2252 990 2308 l'Onent
1003 2252 1049 2307 lat.
1063 2253 1095 2321 11,
1108 2270 1135 2324 p.
1153 2252 1301 2323 r8o-r8t‚
1316 2254 1371 2308 No.
1386 2254 1411 2308 ti.

245 2347 334 2408 1212
350 2350 415 2410 Jan.
433 2367 482 2410 20.
503 2381 547 2391 --
569 2348 726 2424 Johannis,
751 2349 830 2425 regis
856 2347 1139 2429 Hierosolymitani‚
1170 2349 1305 2409 chartam
1338 2349 1500 2411 subscribit

194 2438 327 2499 lacobus
350 2438 387 2498 de
411 2438 541 2509 Durnai,
564 2437 619 2517 qui
643 2435 677 2514 (a.
708 2437 931 2517 1213—1214)
955 2435 1093 2512 ejusdem
1118 2453 1297 2518 procurator
1322 2454 1451 2500 vocatur
1467 2440 1500 2499 in

195 2527 272 2588 Bibl.
289 2528 327 2588 de
343 2526 451 2587 l'e'cole
468 2526 496 2587 d.
513 2527 630 2587 chartes
653 2528 742 2603 1872,
760 2546 788 2606 p.
811 2527 879 2604 169,
895 2527 954 2587 Νο.
978 2546 1045 2605 ¹45·
1429 2525 1500 2587 855

285 2664 303 2694 „
350 2616 529 2696 Jan.Bybli.
554 2649 596 2658 —
620 2615 732 2676 Charta
763 2613 928 2693 Guidonis
961 2615 1081 2676 domini
1104 2615 1202 2696 Bybli,
1234 2614 1268 2676 in
1294 2616 1333 2677 D.
1358 2616 1440 2678 Cart.
1467 2617 1499 2685 ll,

195 2726 224 2788 p.
247 2707 427 2786 134—136,
444 2706 504 2766 Νο.
526 2724 617 2784 1372.
1429 2703 1501 2765 856

287 2841 304 2872 „
351 2797 439 2856 Mart.
464 2799 618 2855 1.Accon.
634 2828 677 2837 —
694 2794 774 2854 lnter
790 2794 909 2854 chartae
925 2809 1014 2855 testes
1031 2809 1115 2874 post:
1131 2793 1272 2854 Thomas
1289 2794 1328 2854 de
1340 2795 1499 2876 Malgastel

193 2885 332 2965 ponendi
364 2901 451 2944 sunt:
490 2883 612 2944 Arnion
643 2883 735 2964 Days,
766 2883 874 2943 Daniel
904 2883 942 2943 de
975 2883 1134 2943 Malenbec
1165 2882 1224 2957 (Cf.
1258 2881 1386 2961 Kohler,
1419 2884 1499 2945 Cart.

194 2994 218 3033 s.
236 2972 281 3049 a).
1430 2971 1499 3033 857

284 3109 301 3139 ,,
347 3061 443 3142 Aprili
466 3082 512 3140 15,
528 3095 572 3104 —
593 3061 760 3137 lohannes,
783 3080 835 3121 rex
857 3060 1170 3142 Hierosolymitanus,
1194 3059 1347 3141 Hospitali
1371 3081 1498 3123 assensu

195 3150 300 3211 uxoris
317 3151 429 3212 Mariae
447 3151 543 3211 casale
560 3150 715 3227 Manuetll
732 3150 830 3230 pretio
840 3150 863 3210 ll
875 3149 1006 3210 millium
1017 3169 1188 3211 marcarum
1199 3148 1302 3210 vendit
1313 3150 1364 3231 (D.
1375 3152 1458 3213 Cart.
1466 3151 1499 3224 11,

194 3260 223 3321 p.
246 3240 391 3318 141,No.
414 3241 511 3319 1383,
529 3239 643 3300 lnvent.
660 3260 689 3320 p.
714 3260 764 3314 77,
780 3239 830 3300 No
859 3240 940 3314 206).
1415 3238 1498 3299 858³

217 3392 222 3402 ’
239 3392 244 3401 .
288 3326 305 3383 ι)
320 3323 362 3376 De
376 3323 433 3378 hoc
446 3321 531 3377 casali
544 3321 579 3376 cl.
595 3323 652 3376 ltH.
666 3322 722 3377 No.
736 3340 783 3447 par
801 3322 878 3391 (Not.
893 3324 928 3392 2),
941 3322 992 3395 892
1007 3334 1035 3376 et
1048 3322 1158 3378 ZDPV.
1172 3323 1207 3386 Χ,
1223 3339 1250 3392 p.
1263 3340 1326 3396 235,
1340 3340 1409 3395 ²5²3
1429 3341 1497 3379 ven-

194 3393 265 3447 ditio
280 3409 347 3448 vero
362 3407 460 3448 nostra
474 3394 567 3448 adhuc
581 3407 650 3448 nota
664 3410 724 3448 non
750 3393 798 3448 uit.

284 3517 300 3547 „
345 3470 456 3532 Octob.
477 3491 522 3533 to.
539 3471 688 3532 Laterani.
710 3505 754 3514 —
776 3470 972 3532 Innocentius
995 3471 1029 3531 lll
1061 3469 1195 3545 (Petrum
1220 3471 1262 3547 ll),
1293 3472 1497 3553 patriarcham

194 3558 436 3637 Antiocheam,
451 3576 538 3638 rogat
553 3580 587 3620 ac
604 3576 718 3637 monet,
741 3576 775 3621 ut
795 3560 832 3620 de
856 3559 998 3641 querelis,
1021 3580 1098 3640 quas
1120 3576 1225 3620 contra
1252 3561 1354 3642 ipsum
1381 3561 1497 3638 lterius,

194 3649 360 3709 canonicus
377 3650 593 3711 Antiochenus
609 3649 721 3729 aliique
738 3648 810 3710 Sedi
826 3648 1022 3730 Apostolicae
1039 3649 1228 3726 intimarunt,
1245 3650 1375 3712 sollicite
1392 3651 1496 3732 inqui·

194 3753 238 3798 rat
254 3738 409 3798 veritatem
426 3756 463 3817 et,
479 3739 503 3799 si
520 3737 614 3815 justas
630 3758 695 3799 esse
712 3738 871 3815 invenerit,
888 3737 930 3798 eis
946 3737 1115 3802 satisfaciat.
1132 3739 1238 3799 Petrus
1255 3737 1285 3817 (Ι)
1304 3740 1429 3811 scilicet
1446 3762 1495 3822 pa-

194 3826 340 3887 triarchae
363 3843 538 3890 antecessor
560 3828 592 3888 in
616 3846 734 3888 carcere
758 3841 910 3903 mortuus,
932 3827 1106 3889 avunculus
1129 3826 1216 3905 lterii,
1240 3829 1343 3889 eidem
1366 3846 1396 3890 et
1419 3830 1495 3891 fratri

192 3914 260 3992 ejus
278 3918 310 3977 M
328 3915 475 3977 bisantios
491 3917 522 3978 in
538 3916 645 3977 studiis
662 3916 848 3977 scholasticis
865 3917 1085 3997 expendendos
1101 3932 1130 3977 et
1139 3936 1193 3997 per
1202 3936 1335 3979 manum
1346 3916 1496 3995 (Gaulridi

194 4005 284 4083 Rati),
303 4006 437 4087 magistri
454 4005 632 4087 Hospitalis,
649 4005 816 4067 solvendos
832 4005 993 4082 concessit,
1010 4005 1062 4066 sed
1079 4007 1248 4088 patriarcha
1264 4008 1431 4088 pecuniam
1446 4029 1493 4070 ac-

191 4111 310 4175 ceptam
329 4095 416 4156 lterio
434 4114 499 4156 non
516 4095 643 4156 restituit
659 4114 796 4175 euntque
813 4095 949 4175 quadam
966 4110 1083 4175 quarta,
1108 4115 1205 4175 quam
1221 4098 1397 4159 avunculus
1414 4115 1496 4159 ante·

192 4183 292 4245 dictus
309 4183 396 4245 lterio
422 4184 452 4245 in
478 4201 682 4264 augmentum
708 4185 900 4265 praebendae
925 4184 963 4244 de
989 4204 1143 4246 consensu
1170 4184 1293 4266 capituli
1310 4187 1495 4248 Antiocheni

192 4290 394 4351 concesserat,
410 4292 438 4334 et
454 4274 589 4354 quadam
605 4273 722 4354 gastina
738 4273 829 4335 Naria
846 4273 984 4354 privavit,
1000 4273 1127 4356 insuper
1142 4294 1243 4356 quum
1259 4274 1344 4336 idem
1361 4291 1494 4338 anteces-

192 4382 244 4423 sor
261 4362 396 4423 redditus
413 4362 509 4423 fratris
526 4362 573 4422 sui
589 4380 618 4423 et
634 4383 718 4441 suos,
736 4383 817 4443 quos
833 4379 902 4423 ante
926 4361 1100 4443 captionem
1121 4383 1210 4425 suam
1234 4363 1289 4424 diu
1312 4381 1495 4447 perceperat

192 4452 309 4512 eisdem
333 4452 396 4513 dari
420 4451 565 4529 jussisset,
589 4451 760 4512 antedictus
783 4451 951 4533 patriarcha
976 4452 1083 4514 Petrus
1100 4453 1124 4513 ll
1146 4454 1274 4514 eosdem
1297 4454 1438 4516 redditus
1460 4455 1495 4517 de

192 4558 290 4601 castro
308 4540 451 4617 Cursarii,
467 4541 520 4602 ubi
536 4541 659 4622 repositi
675 4557 772 4618 erant,
794 4540 941 4621 asportari
958 4539 1028 4601 fecit
1045 4561 1169 4605 necnon
1186 4560 1367 4624 proventus,
1389 4544 1495 4625 quide

192 4629 348 4690 beneficiis
365 4646 434 4710 post
450 4630 625 4711 captionem
635 4647 663 4690 et
673 4647 804 4691 mortem
820 4630 1019 4691 antecessoris
1030 4646 1248 4712 provenerunt,
1266 4634 1494 4714 coopertorium

192 4720 350 4798 quoddam
375 4735 404 4780 et
426 4719 491 4796 alia,
514 4740 593 4799 quae
616 4720 772 4780 custodiae
795 4720 956 4799 quondam
988 4720 1095 4781 decani
1119 4720 1307 4783 Antiocheni
1333 4723 1496 4784 commissa

192 4806 325 4883 fuerunt,
342 4808 372 4869 in
389 4807 466 4868 lterii
484 4823 512 4867 et
528 4807 666 4884 ejusdem
684 4808 781 4870 fratris
797 4810 1015 4870 detrimentum
1027 4811 1184 4873 restituere
1196 4810 1316 4890 negavit
1326 4812 1453 4890 (Beluae
1463 4811 1495 4888 ll,
