3398 5400
282 382 345 441 294
845 355 1021 425 Regesta

280 615 365 658 nunc
380 609 504 656 tenetur
519 616 535 656 a
551 595 682 656 domino
706 593 831 656 Sidonis
855 594 968 655 scilicet
990 608 1131 676 emptum
1149 615 1165 654 a
1183 594 1288 670 milite,
1314 594 1369 674 qui
1393 597 1491 656 stabat
1513 615 1587 657 curn

278 684 391 747 comite
409 685 548 746 Henrico
564 700 638 745 tunc
654 700 749 745 terrae
766 684 907 760 domino,
924 704 1031 745 versus
1048 684 1293 765 septentrionem
1309 685 1341 745 in
1359 685 1447 745 casali
1466 686 1587 747 Mahal-

279 774 347 851 liae,
359 774 445 854 quod
464 774 520 835 fuit
537 776 575 835 de
593 773 686 835 feodo
705 774 803 834 Dame
814 773 928 850 Guide,
940 793 1047 835 versus
1063 787 1203 834 austrum
1220 772 1252 833 in
1269 774 1358 835 casali
1375 774 1456 854 regis
1473 775 1586 858 Hasye,
1618 838 1619 841 ,

279 864 453 926 secundum
477 864 573 925 casale
595 864 814 925 Hobdelemen
830 877 860 924 et
876 864 999 924 tertium
1017 862 1149 940 Gaifiha,
1167 861 1264 942 (quod
1281 863 1382 924 eidem
1399 865 1489 926 Vitali
1506 866 1587 926 Pan-

278 954 358 1016 taleo
375 972 560 1015 concessum
576 953 654 1014 etin
666 952 778 1014 vertice
794 953 910 1014 montis
926 953 1021 1015 situm
1038 951 1139 1012 firmat
1155 972 1262 1013 versus
1279 953 1431 1014 orientem
1449 954 1480 1014 in
1497 969 1587 1032 terra,

279 1063 359 1123 quae
384 1044 480 1123 tangit
506 1062 611 1103 cavam
638 1044 736 1104 Dante
759 1042 864 1104 Guide
887 1043 1075 1119 Contareue,
1099 1061 1207 1102 versus
1230 1042 1423 1103 occidentem
1447 1044 1479 1104 in
1496 1044 1587 1104 casali

277 1132 406 1210 Batiole,
417 1152 523 1193 versus
534 1134 661 1193 boream
672 1130 827 1210 inrivulo‚
839 1130 928 1210 cujus
939 1151 1022 1192 mare
1040 1131 1199 1192 influentis
1216 1130 1248 1191 in
1265 1131 1322 1191 alia
1340 1147 1423 1213 parte
1435 1149 1478 1193 est
1489 1135 1587 1194 casale

278 1222 358 1301 regis
376 1221 480 1282 lhanie
498 1219 641 1300 [llrame?]
660 1222 745 1301 quod
765 1221 822 1282 fuit
839 1221 937 1281 Dante
954 1220 1057 1282 Guide
1075 1221 1262 1296 Contarene,
1273 1240 1380 1281 versus
1396 1237 1536 1282 austrum
1553 1223 1587 1282 in

277 1311 395 1390 gastina
412 1311 577 1388 Mensore).
611 1310 659 1371 Ad
677 1326 821 1391 quartum
840 1309 936 1371 casale
955 1311 1124 1371 Maharona
1149 1309 1302 1390 pertinent
1324 1311 1460 1390 gastinae
1476 1311 1588 1372 Belda-

278 1420 365 1478 mon,
391 1401 505 1476 Jordei,
532 1400 687 1476 Mezarha,
714 1401 802 1478 Ursa,
828 1399 955 1478 Toreig,
981 1400 1136 1474 Tornera,
1163 1399 1233 1476 Ras,
1260 1399 1402 1476 Lambra,
1429 1401 1587 1473 Elmunie‚

277 1488 388 1568 Jalche,
406 1490 526 1550 Mezara
542 1490 580 1549 de
597 1504 676 1566 zote,
694 1489 840 1564 Derdros,
858 1489 971 1565 Bisilie,
989 1488 1171 1566 Remedied,
1195 1487 1325 1568 ejusque
1349 1490 1453 1550 casalis
1471 1506 1545 1551 suut
1562 1491 1588 1551 ll

277 1594 377 1660 partes
402 1579 480 1659 regi,
505 1598 567 1640 una
593 1578 720 1640 Venetis
745 1578 842 1659 (quod
868 1578 968 1638 firmat
995 1578 1027 1638 in
1052 1578 1205 1639 orientem
1232 1578 1265 1638 in
1291 1579 1380 1638 casali
1409 1580 1516 1660 «quod
1541 1594 1588 1640 est

277 1667 502 1730 dominationis
528 1683 643 1729 terrae»
671 1668 848 1729 Throronis
875 1665 948 1746 [sic],
975 1667 1008 1728 in
1034 1687 1099 1748 quo
1124 1666 1285 1728 divisionis
1310 1669 1443 1728 excurrit
1467 1667 1588 1730 rivulus

278 1757 493 1834 intermittens,
511 1772 540 1818 et
558 1758 589 1818 in
606 1757 696 1817 casali
714 1755 780 1834 ejus
791 1757 922 1818 dominii
935 1758 1102 1818 Derentare
1120 1753 1151 1835 [l]
1169 1771 1198 1816 et
1214 1756 1297 1817 aliud
1314 1756 1410 1817 liaum
1422 1755 1587 1837 [Liavum],

277 1866 384 1908 versus
396 1847 589 1909 occidentem
606 1847 639 1907 in
655 1862 732 1907 terra
749 1846 854 1908 casalis
865 1846 1051 1924 Terentene,
1062 1865 1169 1906 versus
1185 1846 1428 1926 septentrionem
1447 1847 1479 1907 in
1496 1847 1587 1908 casali

279 1936 355 2013 Joie,
372 1937 458 2017 quod
476 1936 535 1997 fuit
551 1937 649 1997 Dante
666 1935 770 1998 Guide
786 1936 824 1995 de
841 1935 945 2012 feodo,
962 1955 1069 1997 versus
1092 1951 1231 1996 austrum
1250 1935 1282 1995 in
1299 1936 1388 1995 casali
1406 1936 1587 2017 Sagnomie‚

277 2027 364 2106 quod
382 2042 426 2086 est
442 2024 496 2086 lilii
512 2024 651 2087 Gualteri
675 2024 809 2099 Morelli,
833 2040 862 2085 et
879 2025 911 2085 in
927 2026 1016 2086 casali
1040 2024 1245 2101 Cauthamos)
1269 2039 1298 2085 et
1321 2025 1441 2086 rustici:
1468 2025 1587 2105 Gadiri,

277 2117 379 2192 Bram,
404 2114 497 2192 Saod,
521 2114 664 2194 Nagime,
690 2116 785 2191 Mere,
809 2112 921 2191 Salem,
945 2112 1027 2175 filius
1050 2115 1088 2174 de
1111 2114 1237 2175 Timam
1261 2129 1290 2174 et
1311 2115 1399 2195 pueri
1417 2115 1454 2175 de
1472 2114 1587 2193 Salem,

276 2205 398 2265 Bramle
415 2205 551 2278 Prevost,
575 2202 657 2264 filius
674 2203 711 2264 de
729 2203 867 2282 Megacel
884 2202 1068 2282 (Megatel?),
1095 2202 1272 2281 Machimet,
1296 2202 1378 2264 filius
1397 2204 1435 2264 de
1453 2204 1586 2282 Sahade,

277 2293 369 2356 Casib
386 2294 510 2371 (cum?).
536 2293 619 2354 Huic
635 2292 729 2354 feodo
745 2308 819 2353 sunt
829 2292 967 2370 contigui
979 2292 1060 2354 horti
1072 2293 1096 2353 ll
1107 2291 1170 2372 (qui
1183 2291 1306 2352 firmant
1315 2312 1421 2353 versus
1432 2293 1587 2355 orientem

276 2383 310 2444 in
326 2382 417 2444 horto
443 2381 473 2444 S.
490 2382 641 2444 Johannis
658 2381 838 2463 Hospitalis,
854 2402 962 2443 versus
983 2382 1177 2443 occidentem
1194 2381 1226 2441 in
1243 2382 1335 2443 horto
1351 2381 1405 2442 filii
1422 2384 1587 2462 quondam

276 2472 427 2534 Johannis
442 2472 601 2548 Bernardi,
619 2471 693 2532 civis
703 2471 903 2549 Acconensis,
920 2491 1027 2532 versus
1043 2471 1287 2553 septentrionem
1303 2471 1336 2532 in
1352 2472 1428 2532 mari
1446 2486 1475 2533 et
1492 2473 1588 2533 maris

277 2561 375 2639 litore,
392 2562 425 2622 in
441 2576 581 2622 austrum
598 2561 694 2622 invia
711 2560 855 2642 publica).
873 2560 1021 2638 Ejusdem
1032 2560 1117 2622 feudi
1129 2560 1291 2639 (feudum),
1309 2562 1395 2640 quod
1413 2561 1588 2642 appellatur

277 2671 340 2712 una
357 2651 448 2729 fossa,
466 2665 511 2711 est
528 2650 607 2732 petia
624 2665 720 2711 terrae
738 2650 827 2731 (quae
844 2649 945 2711 firmat
960 2669 1067 2711 versus
1083 2651 1236 2711 orientem
1253 2650 1285 2710 in
1301 2667 1379 2711 terra
1395 2652 1587 2728 communis,

276 2740 329 2801 ubi
356 2740 533 2821 plantantur
558 2740 753 2816 canamellae,
779 2759 887 2801 versus
917 2739 1110 2800 occidentem
1136 2739 1169 2800 in
1194 2754 1316 2815 terram,
1342 2759 1422 2819 quae
1449 2739 1506 2801 luit
1531 2740 1587 2803 lilii

276 2829 427 2905 Buzicari,
444 2849 551 2890 versus
568 2829 808 2910 septentrionem
826 2828 858 2889 in
875 2828 923 2890 via
935 2829 1066 2910 publica,
1078 2848 1185 2889 versus
1195 2843 1336 2889 austrum
1347 2829 1378 2889 in
1388 2844 1477 2907 terra,
1489 2849 1588 2909 quam

276 2919 413 3000 possidet
430 2919 557 2980 ecclesia
574 2918 604 2980 S.
622 2918 756 2980 Cosmae
773 2933 802 2978 et
818 2918 972 2995 Damiani)
995 2932 1024 2978 et
1040 2918 1158 2998 gastina
1182 2919 1328 2978 Belemed
1352 2919 1487 2999 desuper
1509 2939 1587 2981 con-

276 3009 372 3069 ductu
389 3008 444 3068 sita
461 3006 551 3088 (quae
569 3007 669 3068 firmat
685 3008 717 3068 in
735 3007 886 3068 orientem
903 3008 935 3068 in
947 3007 1034 3068 casali
1046 3007 1182 3084 Talabie,
1201 3007 1232 3067 iu
1248 3008 1440 3068 occidentem
1460 3007 1491 3068 in
1509 3027 1588 3070 con-

277 3098 373 3158 ductu
390 3116 499 3176 aquae,
524 3116 630 3158 versus
653 3096 894 3177 septentrionem
912 3097 945 3157 in
963 3113 1039 3157 terra
1057 3096 1252 3171 Pisanorum,
1270 3116 1377 3157 versus
1395 3113 1537 3159 austrum
1554 3098 1588 3160 iu

276 3203 354 3248 terra
365 3186 587 3267 archiepiscopi
604 3201 633 3247 et
649 3185 709 3246 ficu
721 3186 745 3247 F
747 3186 870 3247 aratinis
883 3184 917 3265 [F
919 3186 1058 3247 araconis
1067 3183 1088 3264 i]
1107 3200 1137 3246 et
1153 3185 1253 3261 rivuli,
1266 3201 1295 3246 et
1307 3186 1400 3246 feodo
1411 3187 1589 3267 possidetur

276 3295 292 3336 a
308 3274 480 3338 Guilielmo
496 3276 638 3336 Jordanis
656 3295 712 3356 pro
730 3295 826 3336 uxore
850 3295 917 3352 sua,
934 3295 1014 3355 quae
1032 3275 1089 3335 fuit
1105 3275 1143 3334 de
1167 3275 1264 3335 domo
1289 3274 1435 3353 pantalei)
1460 3295 1588 3339 necnon

276 3366 392 3426 domus
409 3384 480 3426 curn
498 3364 592 3426 furno
609 3365 699 3446 (quae
717 3364 904 3426 inhabitatur
920 3386 936 3425 a
953 3365 1035 3425 dicto
1051 3363 1221 3425 Guilielmo
1238 3383 1310 3424 cum
1328 3383 1425 3426 uxore
1441 3380 1470 3425 et
1486 3363 1589 3429 firmat

276 3474 383 3516 versus
400 3453 552 3515 orientem
576 3455 609 3515 in
631 3454 680 3513 via
704 3453 836 3534 publica,
862 3473 940 3534 quae
961 3453 1104 3515 discurrit
1127 3452 1209 3531 juxta
1233 3452 1263 3514 S.
1281 3453 1391 3515 Crucis
1413 3453 1588 3533 ecclesiam,

275 3563 382 3605 versus
393 3544 586 3605 occidentem
603 3544 636 3603 in
652 3543 772 3604 curtivo
784 3544 909 3604 Manase
921 3543 1019 3604 Dulce
1029 3542 1219 3603 vicecomitis
1231 3557 1260 3602 et
1271 3543 1303 3603 in
1314 3543 1412 3604 domo
1424 3543 1588 3622 Samuelis,

278 3632 332 3715 qui
350 3648 494 3694 mortuus
511 3647 567 3711 est,
591 3651 697 3693 versus
720 3632 964 3713 septentrionem
988 3632 1019 3693 in
1043 3632 1101 3711 via,
1126 3651 1205 3712 quae
1229 3631 1312 3692 vadit
1335 3634 1374 3694 ad
1391 3632 1588 3696 cimeterium

276 3721 359 3801 juxta
376 3722 406 3783 S.
425 3724 570 3799 Crucem,
594 3742 700 3783 versus
724 3738 863 3783 austrum
880 3722 912 3782 in
930 3721 1049 3783 curtivo
1072 3721 1217 3783 Balduini
1241 3722 1411 3799 Bonvisini)
1435 3739 1464 3783 et
1488 3723 1587 3785 casale

276 3811 439 3874 Calardani
463 3831 535 3873 curn
559 3827 674 3883 castro;
701 3827 730 3871 et
755 3832 791 3871 ex
815 3812 926 3872 eodem
952 3812 1034 3871 dicto
1059 3811 1153 3872 feudo
1176 3811 1231 3871 LX
1247 3811 1368 3872 bisantii
1392 3811 1588 3894 recipiuntur

275 3901 390 3963 scilicet
406 3902 444 3962 de
461 3901 489 3962 la
506 3901 643 3979 cassaria,
661 3901 699 3961 de
717 3901 846 3976 businis,
863 3899 1029 3962 zalamellis
1045 3916 1075 3961 et
1091 3900 1305 3961 instrumentis
1316 3900 1392 3963 aliis.
1410 3902 1586 3963 Communi

275 4010 404 4072 quoque
421 4006 466 4052 est
482 3990 578 4051 casale
596 3989 703 4052 Soafin
720 4009 792 4050 curn
807 3990 878 4051 XIV
888 3991 1019 4070 carugis,
1037 3989 1134 4069 (quod
1144 3988 1244 4050 firmat
1255 3989 1287 4050 in
1298 3991 1451 4051 orientem
1461 3991 1494 4052 in
1504 4006 1585 4053 terra

275 4080 362 4142 False
387 4080 507 4161 partim,
525 4080 611 4161 quod
628 4101 645 4140 a
662 4099 732 4160 rege
757 4095 879 4142 tenetur
894 4096 924 4140 et
940 4079 997 4141 fuit
1013 4079 1051 4139 de
1069 4078 1164 4139 feudo
1188 4080 1286 4139 Darne
1305 4079 1409 4141 Guide
1426 4095 1456 4141 et
1472 4081 1587 4161 partim

275 4170 308 4231 in
324 4170 413 4231 casali
437 4170 615 4247 Homehite,
640 4170 672 4230 iu
696 4170 890 4230 occidentem
914 4169 945 4229 in
965 4168 1055 4229 casali
1072 4168 1199 4230 Amosie
1216 4190 1231 4228 a
1249 4169 1332 4230 dicto
1349 4170 1494 4231 Rolando
1511 4191 1587 4252 pos-

275 4280 371 4337 sesso,
396 4259 429 4319 in
444 4260 688 4341 septentrionem
705 4259 738 4320 in
754 4258 855 4337 casali,
872 4259 959 4339 quod
984 4258 1066 4319 filius
1083 4258 1240 4320 Guidonis
1264 4258 1477 4320 Scandalionis
1501 4275 1588 4323 tenet

277 4348 408 4412 feudum
424 4370 440 4409 a
457 4368 539 4428 rege,
552 4350 583 4409 in
594 4366 734 4410 austrum
751 4348 783 4408 in
800 4349 888 4409 casali
900 4347 1092 4424 Dairhanno,
1105 4348 1192 4428 quod
1203 4347 1302 4409 dictus
1313 4347 1469 4410 Guidonis
1479 4351 1586 4430 tenet),

276 4438 309 4500 in
326 4458 391 4519 quo
407 4453 481 4499 sunt
496 4438 675 4517 homolige:
701 4437 775 4517 Sob,
797 4437 879 4519 Rays
897 4438 1000 4515 Sereg,
1018 4437 1118 4514 Hasis,
1136 4437 1289 4498 Belmesd.
1321 4438 1429 4499 Casale
1446 4438 1587 4501 Hanosie

276 4526 417 4607 ejusdem
434 4526 520 4588 feudi
536 4526 637 4587 firmat
653 4527 686 4588 in
703 4527 821 4588 oriente
839 4526 871 4587 iu
888 4527 1042 4588 antedicto
1059 4526 1147 4588 casali
1165 4525 1302 4605 Sohafin,
1325 4527 1358 4587 in
1374 4527 1535 4589 occidente
1554 4529 1587 4590 in

278 4618 368 4679 casali
384 4617 495 4678 Bedias
512 4616 735 4698 archiepiscopi
751 4615 922 4698 Tyriensis,
947 4616 979 4677 in
1001 4632 1141 4677 austrum
1162 4616 1194 4676 in
1211 4617 1300 4676 casali
1318 4617 1534 4696 Dercadeuon,
1554 4619 1587 4680 in

276 4706 520 4789 septentrionem
543 4706 575 4767 iu
599 4705 689 4767 casali
711 4706 869 4787 Lasachye
886 4721 915 4767 et
930 4706 1022 4766 habet
1044 4705 1207 4766 hominem
1226 4705 1337 4784 ligium
1355 4706 1445 4767 Rasa.
1476 4706 1586 4770 Casale

276 4796 409 4858 Femom
419 4793 520 4856 firmat
530 4795 563 4856 in
574 4796 725 4858 orientem
737 4795 769 4856 in
780 4794 869 4856 casali
880 4795 960 4876 regis
971 4794 1193 4875 Anderquisse‚
1204 4793 1236 4855 in
1247 4795 1439 4857 occidentem
1451 4794 1484 4857 in
1494 4798 1587 4859 casali

276 4884 362 4946 vallis
378 4885 526 4966 Josaphat
541 4884 665 4965 Bellele,
689 4884 723 4946 in
745 4899 885 4946 austrum
910 4884 942 4945 in
965 4883 1065 4964 casali,
1090 4884 1178 4964 quod
1200 4900 1327 4946 vocatur
1341 4884 1439 4947 Terre
1454 4882 1483 4965 je
1504 4887 1586 4950 bene
