3398 5400
265 333 305 393 62
831 326 1006 398 Regesta

267 421 286 428 .-
303 421 757 430 --—--——-——--——--—-—-.
772 423 831 428 .-
842 423 909 428 --m
924 423 1008 430 --——

263 546 442 607 vicecomite
465 562 494 608 et
517 546 598 608 Gilla
622 567 717 609 uxore
741 548 1007 609 consentientibus
1030 566 1134 608 coram
1160 547 1322 609 Willelmo
1349 548 1518 628 patriarcha
1543 563 1575 608 et

264 634 404 697 Fulcone
415 656 485 717 rege
497 636 723 717 Hierosolymis
734 653 762 697 et
772 637 903 718 Neapoli
915 638 952 698 de
970 655 1048 698 terra
1058 638 1173 698 Emaus
1185 638 1326 698 fecerant.
1349 671 1384 680 -
1405 637 1573 715 Robertus,

264 725 515 806 archiepiscopus
530 727 718 799 Nazarenus,
731 726 894 805 Rogerius,
911 727 1075 807 episcopus
1093 726 1123 788 S.
1133 726 1271 806 Georgii,
1282 725 1462 804 Gaufridus,
1479 727 1574 786 abbas

263 814 388 895 Templi
413 814 558 885 Domini;
583 815 620 875 de
637 816 822 876 baronibus:
847 815 1001 876 Gilelmus
1018 816 1056 876 de
1074 816 1173 890 Bnrri,
1198 816 1364 877 Rohardus
1387 815 1573 892 vicecomes,

265 904 421 964 Robertus
444 904 550 964 casalis
572 902 602 964 S.
621 904 731 983 Egidii,
757 904 910 965 Ranerius
933 905 1136 981 Rametensis,
1164 905 1318 966 Robertus
1335 906 1373 965 de
1391 904 1573 981 Frandoli0,

264 993 491 1055 Constantinus
502 994 540 1054 de
551 994 628 1070 Cau,
648 993 725 1054 Milo
736 993 886 1069 Clericus,
903 993 1073 1056 Ganlridus
1084 996 1122 1055 de
1135 1000 1213 1071 Acu,
1231 993 1401 1055 Rainaldus
1412 994 1450 1054 de
1463 995 1573 1054 Monte

264 1083 437 1157 Landuno;
463 1083 501 1143 de
520 1082 662 1143 fratribus
673 1082 858 1164 Hospitalis:
876 1083 1075 1145 Raimundus
1091 1083 1211 1161 Palacii,
1228 1083 1405 1163 Stephanus
1416 1081 1572 1164 Capellae,

265 1173 372 1233 Petrus
394 1173 612 1246 thesaurarius,
637 1172 845 1244 Raimundus,
871 1173 1037 1234 Geratdus.
1070 1173 1183 1233 Datum
1209 1192 1263 1253 per
1287 1192 1415 1234 manum
1433 1171 1573 1249 Radulfi,

264 1260 436 1322 cancellarii
453 1261 527 1340 regii
545 1260 704 1336 (Delaville
720 1260 748 1322 le
767 1261 880 1337 Roulx,
905 1282 933 1342 p.
953 1264 1094 1342 81-83,
1120 1263 1179 1323 N0.
1198 1281 1234 1341 93
1265 1260 1303 1322 cf.
1321 1281 1350 1342 p.
1375 1283 1383 1322 r
1394 1282 1421 1341 5.
1447 1262 1493 1322 De
1511 1261 1573 1321 hoc

265 1366 353 1432 pacto
369 1350 407 1412 cf.
423 1370 517 1431 supra
536 1352 596 1412 No.
614 1351 698 1428 201).
1499 1347 1575 1408 244

314 1455 401 1517 1147
416 1459 514 1537 lul.4,
526 1458 648 1522 indlll.
656 1459 675 1536 ¹)
685 1457 876 1538 Neapoli—
885 1457 1057 1519 balduinus
1065 1458 1112 1536 lll,
1120 1456 1574 1538 rexllierosolymitanus,cum

264 1563 360 1609 matre
373 1548 546 1624 Milesendi,
558 1564 587 1608 et
598 1548 762 1623 Amalrico,
774 1547 863 1608 fratrc
873 1548 1026 1628 Hospitali
1038 1547 1146 1608 Altum
1156 1547 1252 1607 casale
1270 1563 1298 1608 et
1315 1566 1371 1627 pro
1388 1548 1574 1608 concambio

265 1638 409 1699 casalium
428 1637 514 1698 vallis
525 1637 638 1716 Suech,
650 1657 729 1716 quae
741 1636 933 1698 Gnmfredus
951 1637 988 1697 de
1005 1652 1088 1697 turre
1106 1636 1203 1697 David
1221 1652 1249 1696 et
1266 1655 1345 1697 uxor
1359 1637 1413 1697 Jda
1430 1635 1573 1697 contule-

264 1743 347 1799 runt,
365 1727 389 1786 ll
406 1726 514 1787 casalia
532 1725 604 1787 Alto
622 1726 711 1787 casali
727 1727 886 1801 viciniora,
903 1726 1016 1786 deinde
1033 1745 1240 1806 quaecunque
1257 1725 1410 1806 Hospitali
1434 1741 1574 1786 anteces-

265 1836 350 1878 sores
373 1816 453 1895 regis
476 1817 681 1889 donaverunt,
706 1816 847 1876 concedit
863 1833 891 1876 et
907 1814 1009 1894 sigillo
1026 1814 1197 1876 confirmat.
1214 1848 1258 1859 —
1281 1814 1447 1892 Robertus,
1471 1814 1573 1875 archi-

265 1907 429 1986 episcopus
445 1905 634 1981 Nazarenus,
650 1904 829 1977 Gaufridus,
846 1906 938 1965 abbas
952 1904 1076 1984 Templi
1095 1904 1233 1978 Domini,
1250 1904 1415 1964 Elinardus
1426 1904 1449 1981 2)
1466 1905 1573 1984 Tybe-

265 1995 422 2070 riadensis,
440 1995 547 2056 Guido
557 1995 744 2075 Berytensis,
756 1995 913 2054 Manasses
924 1993 1179 2065 constabularius,
1192 1993 1355 2053 Reinerius
1367 1993 1572 2069 Ramateusis,

265 2082 454 2145 Hemfredns
485 2085 523 2144 de
548 2084 691 2157 TorouO,
724 2082 870 2144 Giraldus
901 2083 1133 2159 Sidoniensis,³)
1166 2082 1321 2144 Galterins
1352 2083 1571 2160 Caesariensis,

266 2174 419 2248 Roardus,
438 2173 609 2233 vicecomes
624 2172 911 2253 lerosolymitanus,
929 2172 1101 2253 Phylippus
1118 2169 1352 2252 Neapolitanus,
1364 2171 1478 2245 Gualo,
1490 2171 1572 2232 vice-

265 2259 1573 2343 comesTyberiadensis,GervasiusBurgundio,GnalteriusMaledoctus,Johannes

266 2352 435 2428 Geromau,
447 2351 602 2411 Robertus
618 2352 656 2412 de
674 2350 853 2426 Frandolio,
865 2350 1054 2428 Maingodus
1065 2351 1102 2410 de
1114 2349 1273 2427 Genuino,
1286 2351 1428 2430 Paganus
1439 2351 1476 2410 de
1487 2350 1571 2428 Voh,

264 2441 433 2503 lbebaldus
444 2441 468 2518 ⁴)
486 2441 674 2515 Nazarenus,
692 2440 852 2500 Hubertus
868 2439 906 2499 de
925 2439 1072 2518 Legione,
1084 2439 1180 2518 Hugo
1191 2440 1229 2499 de
1240 2440 1385 2514 Bethsan,
1397 2439 1572 2500 Adalardus

266 2529 497 2606 Recestensis,⁶l
507 2530 663 2602 Ciraldus,
676 2530 846 2590 vicecomes
858 2529 1064 2602 Achonensis,
1077 2529 1265 2589 Mainatdus.
1285 2529 1361 2589 Data
1372 2549 1426 2609 per
1442 2548 1573 2589 manum

266 2618 401 2695 Radulfr,
418 2619 493 2698 regii
509 2618 680 2681 cancellarii
697 2618 792 2694 (Paoli
809 2619 830 2694 l,
848 2638 877 2699 p.
889 2619 1029 2695 26—27,
1047 2619 1106 2678 No.
1121 2637 1177 2697 243
1196 2617 1233 2678 cf.
1246 2638 1274 2698 p.
1286 2619 1484 2698 482—485).
1501 2614 1574 2676 245

341 2725 361 2789 ¹)
381 2720 500 2776 lndictio
516 2722 637 2792 quadrat
650 2720 678 2776 in
691 2737 800 2775 annum
818 2721 890 2790 1146.
994 2723 1016 2787 ²)
1036 2720 1079 2773 De
1093 2736 1152 2791 quo
1167 2718 1249 2776 Guill.
1265 2721 1299 2774 de
1314 2720 1394 2792 Tyro
1408 2720 1482 2790 XVl,
1502 2737 1527 2774 c.
1539 2736 1574 2788 4;

266 2795 385 2864 XVll,c.
398 2812 437 2847 rr.
502 2794 523 2863 ⁸)
537 2794 580 2847 De
595 2810 653 2865 quo
666 2791 802 2847 Archives
817 2793 852 2846 de
866 2790 987 2847 l'Orient
1001 2790 1068 2845 latin
1082 2791 1101 2857 l,
1111 2808 1137 2862 p.
1146 2792 1286 2863 673-675
1297 2808 1304 2861 ς
1317 2790 1463 2861 Rdhricht,
1474 2791 1573 2846 Amal-

266 2865 325 2920 rich
338 2865 357 2935 l,
370 2883 397 2937 p.
410 2882 443 2936 45
448 2865 561 2936 5-456.
635 2865 656 2933 ⁴)
676 2863 752 2918 Alias
766 2863 941 2918 Thebaldus.
1018 2864 1038 2933 ὁ)
1058 2860 1134 2916 Alias
1149 2863 1184 2915 de
1198 2864 1304 2917 Retest.

348 3006 366 3037 „
413 2961 507 3040 Sept,
525 2960 589 3021 ind.
602 2960 652 3020 Xl.
669 2993 712 3004 -
730 2959 894 3039 Rogerius,
912 2959 1078 3039 episcopus
1095 2958 1299 3032 Ramatensis,
1317 2977 1472 3019 consensu
1490 2959 1573 3038 capi-

266 3051 321 3111 tuli
348 3050 378 3111 S.
403 3049 529 3128 Georgii
556 3048 698 3110 fratribus
722 3048 853 3130 leprosis
885 3048 915 3109 S.
941 3048 1045 3108 Lazari
1072 3047 1265 3108 medietatem
1292 3047 1484 3108 decimarum
1509 3065 1572 3108 tam

268 3139 426 3201 fructuum
443 3153 539 3199 terrae
556 3157 652 3218 quam
668 3139 934 3199 nutrimentorum
958 3137 1073 3214 casalis,
1097 3137 1184 3217 quod
1209 3136 1408 3197 intirmorum
1427 3153 1573 3198 vocatum

266 3229 298 3290 in
315 3228 467 3291 territorio
484 3227 661 3289 Ramatensi
676 3228 845 3308 possident,
863 3226 1035 3288 confirmat.
1054 3260 1096 3269 —
1113 3226 1350 3297 Constantinus,
1368 3228 1527 3307 presbyter
1543 3242 1574 3287 et

266 3319 413 3394 decanus,
444 3317 627 3394 Balduinus,
659 3317 856 3394 Gillebertus,
884 3316 1063 3393 Durandus,
1080 3316 1244 3392 Jordanus,
1269 3315 1447 3396 presbyteri,
1475 3315 1572 3394 Hugo

266 3408 433 3482 diaconus;
451 3407 489 3467 de
504 3406 604 3466 laicis:
623 3405 782 3468 Gulferius
800 3406 1011 3483 Normannus,
1029 3405 1182 3466 Geraldus
1193 3405 1374 3480 vicecomes,
1386 3403 1573 3465 Gwalterius

266 3498 304 3557 de
322 3497 527 3557 Mahumeria.
554 3495 668 3556 Datum
687 3515 741 3576 per
756 3514 886 3555 manum
905 3494 1040 3554 Rainerii
1057 3494 1213 3574 scriptoris
1237 3494 1397 3571 (Cibrario,
1414 3513 1444 3574 p.
1464 3513 1573 3573 223—

269 3606 347 3666 ²²43
366 3586 512 3662 Ferrand,
523 3605 553 3666 p.
571 3604 648 3664 13—
661 3604 712 3664 r4;
732 3585 879 3644 Archives
891 3585 928 3644 de
938 3583 1072 3644 l'Orient
1081 3583 1156 3644 latin
1167 3583 1190 3643 ll
1201 3584 1234 3660 Β,
1246 3604 1276 3664 p.
1292 3603 1361 3661 125,
1374 3584 1433 3644 No.
1442 3585 1484 3660 4).
1501 3579 1573 3642 246

333 3738 352 3768 ,,
398 3692 499 3769 (lan).
517 3727 560 3735 —
577 3693 733 3753 Ansaldus
751 3692 918 3767 Mallonus,
934 3690 1133 3751 Guillielmus
1150 3691 1256 3769 Niger,
1274 3690 1465 3751 Lanfrancus
1482 3691 1573 3770 Piper

266 3798 296 3843 et
312 3783 451 3858 Calarus,
469 3780 613 3842 consules
628 3783 810 3857 Januenses,
834 3781 889 3860 qui
906 3780 1068 3861 quondam
1090 3780 1198 3841 Nicole
1218 3779 1372 3840 Embriaci
1385 3781 1468 3840 bona
1484 3798 1571 3840 com·

267 3872 356 3933 muni
372 3871 519 3932 lanueusi
536 3870 602 3948 jure
619 3872 790 3947 obvenisse,
807 3869 1093 3951 pronuntiaverant,
1105 3869 1414 3948 quumGuillielmus
1430 3870 1571 3930 Embria-

267 3980 321 4022 cns
336 3961 356 4037 ¹)
373 3962 419 4021 vel
436 3959 576 4037 ejusdem
594 3960 722 4020 heredes
743 3975 867 4040 pactum
892 3960 929 4019 de
953 3958 1124 4019 civitatibus
1147 3958 1270 4034 Gibelli,
1296 3958 1416 4032 Sollini,
1441 3958 1572 4019 Lehziae

267 4064 296 4111 et
312 4050 519 4110 Anthiochiae
537 4049 703 4110 reddendis
720 4051 804 4109 etde
822 4067 933 4110 eorum
950 4048 1120 4109 redditibus
1144 4067 1209 4108 non
1227 4047 1466 4125 observaverint,
1484 4048 1571 4127 quod

266 4139 298 4200 in
316 4139 373 4199 XX
389 4158 489 4199 annos
507 4139 672 4200 valiturum
684 4139 762 4199 iuter
774 4140 877 4218 ipsum
888 4153 917 4198 et
927 4138 1096 4198 anteriores
1106 4136 1251 4197 consules
1263 4136 1375 4197 factum
1389 4136 1455 4212 fuit,
1467 4151 1572 4196 tamen

267 4248 357 4289 causa
374 4228 428 4288 diu
445 4229 588 4288 ventilata
605 4227 685 4289 filios
701 4245 730 4289 et
747 4229 876 4288 heredes
899 4227 971 4287 dicti
995 4226 1115 4287 Nicolai
1132 4247 1148 4285 a
1165 4226 1366 4306 petitionibus
1388 4226 1463 4303 suis,
1487 4226 1572 4287 CCC

267 4317 350 4379 libris
370 4318 511 4397 acceptis,
536 4315 709 4378 absolvunt.
736 4317 863 4378 Factum
883 4317 913 4376 in
931 4315 1076 4397 capitulo.
1094 4348 1135 4358 —
1155 4314 1344 4376 Guilielmus
1360 4316 1398 4375 de
1415 4315 1571 4377 Columba

267 4408 406 4469 notarius
428 4407 556 4488 scripsit,
581 4406 716 4467 Obertus
739 4406 849 4468 Turris
872 4406 1071 4466 cancellarius
1093 4405 1273 4485 subscripsit
1297 4405 1398 4480 (Liber
1414 4403 1531 4482 jurium
1548 4404 1570 4477 l,

267 4517 297 4578 p.
321 4517 390 4577 133,
408 4497 468 4557 N0.
491 4496 570 4576 137).
1500 4489 1569 4552 247

342 4600 360 4669 ¹)
380 4598 423 4653 Cf.
437 4599 520 4670 Heyd
535 4599 555 4667 1,
568 4616 594 4670 p.
613 4597 758 4670 158-159,
774 4599 832 4666 162,
847 4614 905 4668 322.

348 4740 367 4771 „
412 4727 456 4738 —
474 4693 628 4754 Robertus
645 4712 760 4768 comes,
778 4692 859 4754 filius
876 4693 1005 4754 Actonis
1025 4692 1156 4768 comitis,
1174 4712 1329 4753 consensu
1347 4691 1452 4752 uxoris
1469 4690 1499 4751 S.
1518 4710 1570 4751 co-

266 4784 400 4845 mitissae
424 4783 567 4844 ecclesiae
592 4783 710 4844 Montis
729 4783 859 4844 Thabor
881 4802 936 4862 per
959 4801 1089 4843 manum
1112 4782 1245 4842 Huberti
1267 4782 1383 4842 abbatis
1406 4781 1570 4842 transitum

266 4874 378 4935 Tronti
389 4894 405 4933 a
415 4889 498 4955 patre
510 4891 693 4933 concessum
704 4872 867 4933 confirmat
878 4871 972 4950 (Pauli
984 4873 1005 4950 l,
1017 4892 1046 4954 p.
1058 4891 1131 4951 203,
1142 4872 1200 4932 N0.
1215 4890 1289 4950 159;
1308 4870 1345 4932 cf.
1357 4890 1387 4951 p.
1400 4871 1482 4950 537).
1499 4867 1571 4929 248
