3398 5400
571 365 651 438 regni
664 362 926 437 Hierosolymitani.

100 461 497 472 ——---—----—--›
508 462 673 469 -...---
682 461 846 468 ...n-.—

100 589 202 650 linum
224 589 414 667 Romanum,
437 603 669 670 procuratorem
693 586 809 648 abbatis
833 602 862 646 et
885 601 1058 647 conventus
1081 586 1115 647 B.
1134 584 1248 645 Mariae
1274 584 1312 645 de
1331 583 1409 644 valle

101 678 257 760 Josaphat,
274 697 379 741 coram
395 698 426 739 se
443 694 473 739 et
488 677 616 739 testibus
632 676 831 757 infrascriptis
841 675 995 752 Thomae,
1012 674 1160 755 episcopo
1179 671 1407 735 Bethlemitano

100 788 135 828 ac
145 768 233 830 Sedis
243 766 441 849 Apostolicae
457 767 570 847 legato,
587 766 749 848 epistolam
764 765 930 827 Alexandri
947 764 988 824 IV
1004 764 1245 845 praesentavisse
1262 762 1408 823 insertam

100 891 144 900 -
164 856 273 917 Testes
289 872 323 918 ut
338 876 431 939 supra
448 857 509 917 No.
533 875 613 935 ¹²92
632 854 827 934 (Delaborde,
848 874 878 936 p.
901 855 1080 931 108-109,
1101 855 1162 916 No.
1187 853 1246 933 52).
1319 848 1409 910 1293

163 967 253 1029 1260
270 970 344 1031 Dec.
368 990 416 1050 ro,
440 969 505 1031 ind.
523 968 571 1030 lll.
595 969 672 1051 Tyri
689 967 721 1030 in
741 969 854 1050 palatio
877 966 1056 1029 communis
1079 968 1206 1046 Januae,
1224 967 1277 1027 ubi
1294 967 1409 1047 regitur

101 1057 278 1120 consilium.
295 1092 340 1103 -
355 1060 488 1120 Jacobus
505 1058 635 1139 Spinula
646 1074 675 1119 et
687 1057 875 1120 Guillelmus
886 1058 924 1118 de
935 1056 1122 1136 savignano,
1134 1057 1279 1118 consules
1289 1072 1319 1117 et
1329 1056 1410 1118 vice-

101 1148 231 1209 comites
241 1148 446 1210 Januensium
458 1147 573 1229 Syriae,
590 1162 806 1230 procuratores
823 1147 999 1208 Fresonum
1018 1146 1229 1208 Mallocellum
1245 1162 1274 1207 et
1289 1146 1408 1208 lohan-

100 1257 174 1298 nem
186 1239 224 1299 de
235 1238 399 1317 Roveguo,
410 1237 491 1298 cives
500 1237 681 1316 Januenses,
699 1237 828 1317 eligunt,
846 1235 902 1317 qui
918 1235 1047 1297 nomine
1064 1236 1243 1297 communis
1253 1234 1409 1314 Thomae,

101 1326 249 1408 episcopo
265 1326 535 1389 Bethlehemitano
552 1341 582 1388 et
598 1326 686 1388 Sedis
703 1325 900 1407 Apostolicae
923 1327 1035 1405 legato,
1059 1325 1160 1386 literas
1177 1327 1214 1386 ab
1232 1325 1410 1405 Apostolica

101 1415 182 1478 Sede
199 1417 373 1498 impetratas
389 1432 594 1497 praesentent,
612 1416 667 1497 qui
691 1416 729 1476 de
752 1417 900 1477 mandato
923 1434 1031 1496 papae,
1056 1430 1089 1475 ut
1105 1414 1162 1475 sibi
1180 1415 1365 1475 Pisanorum
1381 1430 1410 1475 et

102 1504 295 1567 Venetorum
312 1522 411 1568 turres
428 1521 458 1566 et
473 1504 633 1567 fortalitiae
649 1505 688 1566 T.
701 1504 828 1567 Sanctae
845 1506 1013 1583 tradantur,
1030 1503 1237 1584 postulaverit.
1258 1538 1298 1546 -
1315 1503 1411 1565 Octo-

102 1596 206 1656 bonus
229 1595 423 1656 Piccamilius
446 1612 474 1656 et
498 1595 655 1656 Ansaldus
679 1594 783 1656 Auric.
823 1595 989 1656 Conradus
1005 1594 1144 1673 Cagnata
1163 1595 1201 1655 de
1225 1592 1255 1655 S.
1274 1593 1409 1671 Donat0,

101 1684 240 1745 notarius
256 1683 389 1766 imperii,
406 1683 525 1765 scripsit
541 1683 797 1760 (Tafel-Thomas
813 1683 858 1763 lll,
875 1703 905 1765 p.
922 1703 1050 1763 40—41
1073 1683 1105 1743 iu
1128 1683 1188 1744 Νο.
1209 1684 1288 1763 3463
1315 1682 1410 1760 Sauli,

102 1771 236 1835 Colonie
254 1773 288 1852 ll,
306 1793 336 1856 p.
360 1792 436 1853 199;
462 1772 501 1835 G.
519 1774 643 1852 Muller,
660 1793 691 1854 p.
708 1775 902 1853 455-4563
920 1772 956 1833 cl.
973 1772 1066 1854 Heyd
1082 1771 1103 1850 l,
1122 1791 1150 1853 p.
1175 1774 1254 1852 ¹5²l·
1321 1769 1411 1831 1294

148 1889 160 1967 (
198 1934 217 1966 ,,
263 1888 285 1967 ).
302 1922 347 1934 -
363 1888 549 1964 (Alexander
565 1889 615 1966 lV)
632 1888 758 1967 Olaoni,
782 1888 847 1968 regi
862 1888 1075 1965 Tartarorum,
1095 1888 1306 1967 congaudens,
1324 1887 1411 1968 quod

103 1998 158 2061 per
184 1978 281 2060 ipsius
305 1979 453 2040 nuntium
475 1979 652 2040 iohannem
675 1978 850 2059 Ungarum,
874 1998 906 2039 se
930 1976 1025 2039 fidem
1048 1976 1244 2038 christianam
1268 1975 1412 2057 amplecti

101 2067 179 2129 velle
188 2067 1412 2149 confirmaveratetsacerdotemtransmittendumpetiveratgratulatureumque

103 2173 199 2237 rogat,
225 2174 259 2220 ut
282 2177 355 2219 cum
378 2157 548 2238 patriarcha
571 2157 859 2240 Hierosolymitano
882 2158 920 2218 de
944 2155 1106 2239 proposito
1128 2176 1187 2218 suo
1211 2157 1412 2237 exsequendo

103 2263 172 2326 agat
188 2246 362 2330 (Raynaldi,
380 2246 494 2308 Annal.
518 2248 608 2325 1260,
625 2255 639 2317 s
658 2247 809 2327 29—32).
1322 2242 1412 2304 1295

146 2363 158 2441 (
196 2409 215 2441 ,,
263 2363 312 2441 c.).
338 2396 383 2406 -
406 2364 550 2442 lacobus,
577 2363 745 2444 patriarcha
770 2361 1085 2443 Hierosolymitanus,
1113 2381 1145 2422 se
1171 2361 1368 2443 privilegium
1395 2383 1412 2423 a

104 2451 241 2532 Rogerio
259 2453 280 2534 l,
304 2472 376 2532 rege
400 2452 530 2531 Siciliae,
555 2452 696 2514 fratribus
719 2452 888 2533 Hospitalis
912 2471 967 2533 per
989 2470 1119 2512 manum
1143 2451 1278 2514 Gubaldi
1301 2451 1412 2532 prioris

103 2560 289 2603 concessum
306 2541 427 2621 vidisse,
448 2542 612 2603 confirmat
628 2541 753 2621 (Pirrus,
771 2541 872 2604 Sicilia
888 2561 971 2602 sacra
988 2541 1023 2621 ll,
1040 2561 1070 2622 p.
1089 2560 1148 2620 931
1164 2558 1171 2614 ;
1199 2541 1313 2620 Lunig,
1330 2541 1410 2603 Cod.

104 2630 235 2712 diplom.
253 2631 316 2693 ltal.
334 2631 369 2709 ll,
386 2650 416 2711 p.
440 2632 666 2712 1635—1638,
683 2633 744 2693 Νο.
767 2631 803 2710 t).
1322 2628 1412 2689 1296

148 2746 160 2826 (
199 2792 218 2825 ,,
265 2746 363 2825 c.?).¹)
380 2780 424 2792 -
440 2738 602 2828 Philippus
618 2747 656 2807 de
674 2746 835 2824 Montfort,
853 2746 1003 2808 dominus
1019 2744 1105 2827 Tyri,
1121 2744 1239 2806 civibus
1261 2746 1413 2807 Massiliae

103 2855 210 2897 coram
225 2837 348 2917 Egidio,
372 2835 606 2917 archiepiscopo
622 2835 766 2917 Tyrensi,
788 2851 817 2897 et
833 2836 970 2914 Hugoue
994 2836 1032 2897 de
1056 2833 1162 2914 Revel,
1186 2853 1302 2914 magno
1325 2854 1413 2916 prae-

105 2942 229 3006 ceptore
245 2925 425 3007 Hospitalis,
449 2926 604 3006 quaedam
629 2923 695 3003 jura
720 2925 862 2986 concedit
888 2923 984 3001 (Ruffi
1009 2923 1031 3002 l,
1058 2943 1088 3005 p.
1116 2926 1176 3003 963
1209 2923 1246 2986 cf.
1272 2925 1364 3006 Heyd
1391 2925 1412 3004 l,

103 3034 133 3096 p.
154 3015 237 3096 320).
539 3029 559 3094 ¹)
579 3027 656 3080 Num
670 3026 723 3081 sub
738 3043 762 3080 a.
780 3026 846 3097 1256
860 3025 1050 3097 ponendum?
1323 3010 1411 3073 1297

166 3118 253 3181 1261
273 3122 338 3184 Jan.
363 3142 499 3199 11-17,
525 3121 589 3183 ind.
607 3122 656 3182 lV.
682 3154 726 3164 -
752 3121 902 3201 Thomas,
928 3121 1094 3203 episcopus
1116 3121 1361 3184 Bethlemitanus
1385 3138 1414 3184 et

103 3210 194 3273 Sedis
214 3211 412 3293 Apostolicae
429 3210 557 3291 legatus,
581 3210 717 3291 sigillans
740 3211 877 3293 exponit,
902 3230 983 3291 quae
1006 3230 1079 3272 cum
1096 3211 1222 3272 Venetis
1245 3227 1273 3273 et
1296 3212 1414 3273 Pisanis

103 3299 208 3382 egerit,
218 3321 300 3381 quos
316 3301 354 3362 de
371 3302 519 3362 mandato
529 3300 698 3362 Alexandri
713 3300 753 3362 lV
764 3319 860 3382 papae
871 3301 1085 3379 admonuerat,
1104 3316 1138 3361 ut
1152 3299 1210 3361 sibi
1227 3315 1327 3362 turres
1342 3321 1413 3363 suas

104 3395 304 3452 Acconenses
334 3390 535 3470 assignarent.
575 3390 633 3451 Die
659 3390 743 3450 enim
769 3391 810 3451 111
835 3389 971 3451 Januarii
997 3389 1116 3471 syndici
1142 3403 1172 3451 et
1197 3405 1414 3471 procuratores

103 3480 276 3541 Januenses
297 3496 451 3541 venerunt
473 3478 589 3541 scilicet
613 3479 771 3541 Fresonus
789 3479 969 3541 Malocellus
986 3494 1016 3540 et
1029 3479 1188 3541 lohannes
1204 3480 1242 3541 de
1260 3480 1414 3559 Rovegno

105 3568 252 3649 epistolas
274 3569 442 3630 Alexandri
459 3569 499 3630 IV
523 3585 552 3631 et
575 3568 710 3630 chartam
735 3567 963 3650 procurationis
984 3588 1058 3629 suae
1082 3583 1321 3650 praesentantes.
1356 3569 1413 3631 Die

104 3678 179 3720 vero
193 3658 261 3720 11111
272 3657 413 3738 ejusdem
424 3659 539 3720 mensis
548 3658 706 3720 lohannes
716 3658 892 3738 Dandulus,
904 3658 1003 3719 bailus
1015 3658 1216 3736 Venetorum,
1228 3658 1414 3721 Gottilridus

105 3748 306 3830 Drapperius,
318 3748 430 3810 consul
440 3749 624 3809 Pisanorum
637 3749 880 3828 Acconensium,
897 3747 1110 3830 praesentibus
1121 3748 1304 3827 Nicosiensi,
1315 3747 1414 3825 (Hen-

104 3837 190 3915 rico),
202 3838 364 3899 Nazareno
374 3854 403 3898 et
414 3837 589 3914 (loscellino
597 3838 628 3916 l),
636 3838 844 3917 Caesareensi,
851 3836 1098 3919 archiepiscopis,
1115 3836 1304 3916 (Florentio),
1316 3842 1414 3900 Acco-

106 3926 838 4007 nensi,(Eustorgiol,TiberiadensietEdessensi,
847 3927 1010 4009 episcopis,
1019 3926 1088 4006 (J.?),
1096 3927 1199 4007 priore
1208 3926 1415 4007 S.Sepulchri,

106 4015 246 4093 (Simone
252 4016 284 4096 i),
296 4018 403 4077 abbate
411 4016 537 4098 Templi
547 4015 685 4096 Domini,
696 4017 881 4078 marescalco
891 4032 920 4078 et
931 4016 1415 4098 praeceptoreTheutonicorum,

106 4105 252 4168 Gollrido
273 4106 311 4166 de
328 4105 462 4168 Sarzinis
478 4121 508 4166 et
523 4106 590 4167 aliis
605 4107 762 4186 congressi
773 4121 855 4185 sunt,
866 4106 921 4167 sed
931 4125 1032 4186 quum
1043 4105 1210 4167 consilium
1221 4107 1414 4168 Venetorum

105 4197 234 4273 abesset,
244 4195 404 4257 lohannes
415 4194 580 4256 Dandulus
590 4214 648 4276 pro
663 4216 696 4257 se
712 4211 741 4256 et
757 4191 886 4257 consule
902 4196 1089 4257 Pisanorum
1101 4194 1211 4274 (quum
1221 4194 1415 4257 Venetorum

104 4299 135 4346 et
157 4284 342 4346 Pisanorum
366 4283 533 4346 consilium
557 4300 635 4346 esset
657 4285 847 4363 commune),
871 4306 904 4347 se
919 4284 977 4347 hac
993 4285 1031 4346 de
1048 4303 1081 4345 re
1101 4285 1289 4366 respondere
1312 4304 1413 4366 posse,

105 4372 238 4453 negavit.
273 4375 441 4454 Postquam
468 4373 562 4453 igitur
587 4374 643 4436 XV
667 4373 717 4435 die
742 4372 882 4453 ejusdem
906 4373 1022 4436 mensis
1045 4374 1191 4435 antedicti
1214 4375 1415 4436 marescalcus

104 4462 243 4543 Templi,
260 4478 442 4544 praeceptor
457 4463 638 4544 Hospitalis,
655 4482 760 4524 comes
776 4463 951 4545 Joppensis,
962 4464 1113 4525 dominus
1123 4463 1247 4545 Cayfae,
1257 4464 1415 4525 lohannes

104 4554 144 4615 de
167 4552 334 4631 Gibelleto,
360 4552 563 4614 marescalcus
585 4552 675 4631 regni
698 4552 986 4635 Hierosolymitani,
1010 4553 1202 4614 Acconensis
1225 4568 1254 4614 et
1275 4553 1415 4615 Tiberia-

106 4642 213 4704 densis
229 4641 448 4719 archidiaconi,
473 4642 617 4722 magister
632 4642 791 4704 lohannes
807 4642 933 4722 Pascha,
950 4658 1056 4704 cantor
1073 4643 1286 4723 Famagustae,
1303 4642 1414 4704 iterum

106 4747 334 4811 convenerunt,
350 4731 491 4793 Thomas
507 4731 626 4811 legatus
642 4751 659 4792 a
674 4731 802 4793 Venetis
818 4749 848 4794 et
863 4731 981 4794 Pisanis
997 4731 1171 4814 postulavit,
1195 4746 1229 4793 ut
1244 4731 1301 4793 sibi
1317 4747 1416 4793 turres

107 4826 309 4883 Acconenses
332 4820 412 4881 infra
435 4820 519 4883 diem
542 4821 648 4882 Martis
671 4819 773 4902 primo
796 4838 975 4902 venturum,
1001 4837 1145 4884 octavum
1170 4820 1310 4883 videlicet
1332 4821 1415 4883 diem

106 4910 292 4992 receptionis
321 4910 458 4972 mandati
485 4910 657 4993 Apostolici
687 4911 851 4991 traderent,
883 4912 938 4973 sed
961 4911 1119 4973 lohannes
1144 4909 1310 4973 Dandulus
1335 4910 1416 4972 varia

1200 5029 1255 5085 22*
