3398 5400
842 326 1017 399 Regesta

279 425 405 431 ——.-.-.
427 424 477 428 .-—
504 424 507 429 .
544 424 606 429 —.
628 424 632 428 -
648 424 734 429 -—..
772 424 856 429 ——.
882 424 969 429 .—-—-.
994 423 1093 429 --—..
1137 424 1211 429 ..—-
1274 424 1486 431 ——Q

277 550 407 625 ssoccus,
433 547 622 610 Guillelmus
638 548 676 609 de
693 547 914 610 Molembecca.
946 548 1061 610 Datum
1078 567 1132 630 per
1148 564 1278 610 manum
1294 546 1464 629 Guillelmi,
1486 547 1586 609 archi·

278 637 415 720 episcopi
431 638 581 718 Tyrensis
597 637 739 718 regisque
757 636 930 699 cancellarii
946 637 1107 716 (Strehllte,
1125 657 1155 718 p.
1179 638 1307 717 16,No.
1330 637 1388 714 17).
1514 635 1586 697 625

326 741 416 802 1183
434 744 523 804 Mart.
543 764 593 824 3¹·
610 777 654 788 —
671 742 889 820 Sisidinrex1)
906 742 1005 806 Lucio
1022 745 1059 806 Ill
1079 763 1175 825 papae
1199 743 1331 824 nuntiat,
1354 763 1386 805 se
1403 764 1439 805 ex
1456 743 1586 825 epistola

277 852 332 914 per
355 851 466 894 manus
488 833 554 894 lani
579 831 717 894 Danduli
740 833 822 894 Mata
846 833 1040 912 cognovisse,
1064 852 1186 915 papam,
1210 853 1290 913 quae
1313 853 1329 893 a
1351 833 1585 915 praedecessore

278 922 456 984 Alexandro
479 922 516 982 Ill
540 937 570 983 et
592 922 724 984 soldano
749 922 787 982 de
809 921 976 983 liberandis
996 923 1123 1004 captivis
1140 922 1305 984 constituta
1321 939 1404 1001 sunt,
1421 924 1585 984 observare

277 1013 370 1084 velle;
394 1030 467 1073 cum
490 1031 563 1072 vero
587 1010 686 1072 dictus
709 1011 828 1092 legatus
851 1010 994 1090 venisset,
1017 1011 1185 1073 soldanum
1208 1011 1390 1074 Saladinum
1412 1011 1535 1074 fratrem
1552 1012 1584 1074 in

277 1100 414 1182 partibus
424 1100 501 1181 Tyri
513 1101 716 1162 constitutum
727 1099 822 1162 fuisse
832 1114 862 1161 et
872 1119 1001 1162 omnem
1012 1116 1123 1162 terram
1134 1121 1151 1161 a
1162 1102 1315 1162 Damasco
1325 1119 1426 1181 nsque
1437 1101 1585 1164 Ninivem

276 1188 488 1269 subjugavisse
504 1209 538 1250 ac
549 1190 588 1251 de
604 1189 754 1272 petitione
771 1189 945 1272 supradicta
960 1190 1036 1250 haec
1047 1190 1228 1272 responderi
1239 1188 1381 1267 jussisse:
1392 1191 1417 1251 si
1428 1190 1584 1253 christiani

277 1277 309 1339 in
332 1298 430 1360 regno
453 1278 741 1361 Hierosolymitano
765 1278 923 1340 constituti
945 1279 1096 1341 mandatis
1120 1299 1217 1361 papae
1240 1280 1278 1341 de
1301 1299 1374 1361 pace
1399 1278 1539 1341 facienda
1555 1282 1584 1342 et

276 1368 401 1449 captivis
418 1366 583 1429 liberandis
602 1368 728 1429 obedire
744 1367 909 1446 voluerint,
927 1368 1042 1448 ipsum,
1053 1388 1134 1449 quae
1149 1389 1228 1450 papa
1245 1367 1418 1448 postulavit,
1430 1369 1585 1430 facturum

276 1477 352 1534 esse,
376 1456 425 1518 sin
448 1457 563 1535 minus,
587 1477 619 1518 se
642 1459 680 1518 ab
703 1457 791 1517 omni
815 1456 906 1538 culpa
929 1458 1104 1518 immunem
1129 1457 1204 1537 fore,
1228 1458 1252 1518 si
1276 1477 1335 1539 pax
1359 1478 1424 1519 non
1447 1474 1585 1520 servetur

276 1544 439 1622 (Radulfus
455 1545 494 1608 de
511 1545 631 1626 Dice10,
649 1545 753 1629 Opera
769 1546 874 1608 histor.
893 1546 927 1629 11,
944 1567 974 1628 p.
989 1567 1135 1627 25—273
1154 1546 1191 1608 cf.
1203 1546 1354 1608 Rbhricht
1368 1547 1400 1608 in
1418 1548 1457 1610 N.
1468 1547 1585 1609 Archiv

282 1637 374 1715 1886,
392 1656 422 1717 p.
443 1636 526 1716 573).
1513 1634 1584 1696 626

350 1737 369 1806 ¹)
387 1737 420 1791 Id
433 1749 476 1791 est
489 1735 553 1791 Saif
562 1735 668 1792 ad-din
682 1735 769 1791 Mttit
782 1735 899 1804 al-Adil,
913 1737 1000 1792 frater
1012 1737 1145 1793 Saladini.

357 1893 375 1925 ,‚
423 1848 501 1925 (ante
513 1849 645 1932 pascha),
663 1850 728 1912 ind.
746 1850 766 1914 l.
781 1885 825 1894 —
841 1849 959 1928 Guido,
970 1852 1087 1932 loppae
1104 1867 1133 1911 et
1144 1849 1306 1911 Ascalonia
1321 1868 1435 1927 comes,
1453 1847 1584 1931 ejusque

275 1958 390 2019 sponsa
401 1938 506 2000 Sibilla
517 1939 639 2001 homini
649 1939 773 2001 cuidam
783 1940 897 2018 Torgis
907 1940 932 2000 ll
943 1956 1113 2002 carrucatas
1128 1954 1224 2000 terrae
1241 1953 1269 2000 et
1285 1938 1368 2000 illam
1386 1939 1583 2001 medietatem

276 2028 456 2106 domorum,
474 2047 551 2109 quas
568 2028 663 2091 Gudo
680 2027 742 2105 (sic)
759 2044 789 2090 et
805 2027 912 2090 Sibilla
927 2029 960 2090 in
977 2028 1067 2091 casali
1084 2029 1233 2091 Geschale
1250 2048 1267 2089 a
1283 2028 1421 2108 Georgio
1438 2028 1583 2109 Susiano,

275 2116 415 2198 ipsorum
434 2117 541 2194 scriba,
555 2116 620 2179 filio
636 2112 785 2195 Haririae,
803 2117 892 2179 fratre
909 2118 1036 2180 Davidis
1052 2119 1178 2199 scribae,
1196 2132 1227 2179 et
1242 2118 1375 2197 Saragie,
1391 2136 1488 2178 uxore
1505 2116 1582 2198 ejus,

274 2222 422 2284 emerant,
441 2208 469 2268 D
486 2206 623 2268 bisantiis
639 2207 746 2268 vendit
760 2221 791 2267 et
806 2207 1011 2289 possidendas
1025 2207 1128 2287 sigillo
1144 2207 1339 2270 confirmant.
1356 2241 1399 2250 —
1409 2207 1584 2269 loscelinus

276 2296 314 2356 de
330 2295 486 2372 Samosac‚
498 2295 660 2357 Ascalonis
676 2296 868 2374 castellanus,
888 2297 1069 2374 Baldoinus,
1087 2297 1178 2359 frater
1193 2295 1270 2375 ejus,
1288 2295 1471 2377 Seigttoreit,
1488 2301 1582 2358 Asca-

274 2384 356 2446 lonis
373 2384 555 2463 vicecomes,
573 2383 744 2446 Rainaldus
759 2385 798 2446 de
816 2385 998 2465 Mongisart,
1016 2386 1186 2448 Rainaldus
1201 2386 1239 2447 de
1256 2385 1421 2464 Saisons,¹)
1432 2385 1583 2448 Girardus

276 2474 314 2535 de
331 2473 474 2551 Remille,
490 2474 661 2537 Baldoinus
686 2475 831 2554 Magnus,
851 2475 1039 2537 Bertrandus
1051 2477 1073 2553 2)
1091 2476 1233 2538 Caruana
1249 2490 1278 2536 et
1294 2474 1475 2552 Guibertus,
1492 2474 1584 2537 frater

275 2561 352 2641 ejus,
370 2562 480 2625 Simon
498 2564 649 2643 batalle,³)
666 2562 1031 2642 GuillelmusTonsus,⁴)
1048 2565 1209 2644 Secardus,
1227 2564 1316 2625 frater
1332 2562 1409 2643 ejus,
1426 2564 1582 2626 Henricus

275 2652 313 2713 de
329 2652 555 2733 Beaugenceio,
572 2653 806 2715 Bartolomaeus
823 2654 989 2716 Renterius
1005 2653 1164 2731 (Delaville
1180 2653 1208 2715 le
1225 2652 1339 2733 Roulrt,
1350 2673 1381 2736 p.
1398 2674 1581 2735 153-154,

274 2741 335 2803 No.
354 2741 390 2803 61
414 2739 460 2821 [cf.
479 2762 509 2825 p.
528 2740 597 2822 22];
624 2743 725 2822 Prutz,
743 2761 773 2824 p.
797 2763 866 2821 122,
883 2744 945 2805 No.
966 2743 1026 2823 56).
1511 2741 1581 2803 627

349 2845 369 2911 ¹)
383 2844 426 2898 De
440 2861 476 2899 eo
490 2842 525 2898 cf.
537 2843 605 2900 Lois
619 2845 676 2912 (ed.
687 2845 833 2915 Beugnot)
847 2844 867 2914 l,
880 2862 907 2916 p.
919 2862 980 2915 424
1057 2847 1079 2913 ⁹)
1092 2843 1252 2916 loppensis.
1327 2848 1350 2913 ³)
1364 2844 1440 2900 Alias
1454 2845 1581 2905 Batailla.

275 2916 299 2982 ⁴)
318 2913 395 2970 Alias
408 2917 533 2970 Tunsus.

355 3075 374 3106 „
421 3030 518 3113 April.
533 3050 583 3107 nt,
601 3029 665 3091 ind.
677 3030 744 3092 XV.
762 3064 805 3072 -
821 3030 1021 3109 Hainfredus,
1032 3029 1287 3092 hliusHainfredi
1304 3029 1434 3109 juvenis,
1452 3051 1579 3094 assensu

166 3110 182 3152 ‘²
273 3118 427 3198 Rainaldi,
444 3119 593 3201 principis
603 3120 720 3181 Montis
731 3118 855 3201 Regalis
871 3136 901 3181 et
916 3119 1247 3198 dominiEbronensis,
1264 3119 1449 3201 Stephaniae
1468 3121 1580 3201 matris,

275 3208 348 3269 dicti
359 3208 500 3270 Rainaldi
518 3208 632 3287 uxoris,
650 3207 780 3290 leprosis
797 3208 828 3270 S.
840 3209 945 3270 Lazari
962 3207 1044 3288 juxta
1061 3228 1168 3271 muros
1178 3209 1347 3271 Jerusalem
1362 3209 1421 3271 XX
1431 3209 1580 3273 bisantios

272 3297 310 3357 ad
329 3297 458 3359 fundam
475 3302 691 3360 Acconensem
707 3298 745 3359 de
762 3297 877 3378 assisia,
889 3318 984 3380 quam
1001 3319 1017 3359 a
1032 3298 1189 3360 Baldoino
1206 3298 1246 3361 IV
1262 3317 1333 3378 rege
1349 3298 1415 3380 ipse
1431 3299 1578 3380 possidet,

273 3406 330 3467 pro
347 3387 443 3448 salute
453 3387 598 3469 Philippi,
615 3387 663 3447 avi
679 3387 737 3466 sui,
754 3387 916 3449 Hainsredi
933 3387 1157 3467 connestabuli,
1174 3386 1348 3467 Hainfredi,
1364 3388 1534 3469 patrissui,
1551 3406 1580 3451 et
1676 3422 1679 3426 Α

274 3478 315 3538 ob
331 3477 560 3539 redemtionem
582 3476 703 3537 animae
727 3477 830 3538 matris
847 3477 961 3539 scilicet
977 3477 1163 3558 Stephaniae
1180 3475 1309 3558 ejusque
1325 3477 1424 3538 mariti
1437 3478 1579 3540 Rainaldi

272 3565 420 3647 principis
429 3564 589 3627 annuatim
597 3564 792 3647 recipiendos
800 3567 944 3628 concedit
952 3567 1177 3648 etsigilloregis
1186 3566 1579 3647 confirmat—Guerricus,

273 3654 524 3736 archiepiscopus
549 3654 745 3733 Petracensis,
770 3655 914 3737 princeps
937 3655 1118 3734 Reinaldus,
1142 3676 1246 3718 comes
1269 3656 1436 3737 Jocelinus,
1460 3656 1577 3736 Guido,

272 3763 376 3805 comes
401 3743 576 3826 Joppensis,
601 3744 722 3824 Hagne,
747 3744 837 3806 frater
859 3745 966 3807 Guido
991 3745 1168 3826 Hospitalis,
1195 3744 1344 3807 Girardus
1368 3745 1405 3806 de
1428 3746 1577 3826 Beterras,

272 3832 430 3894 lohannes
447 3833 484 3894 de
501 3832 617 3910 Broies,
643 3831 788 3895 Seherius
803 3834 940 3915 Juvenis,
964 3834 1110 3896 Seherius
1127 3835 1164 3896 de
1181 3834 1212 3896 S.
1230 3834 1417 3913 Habraham,
1435 3836 1579 3915 magister

272 3920 480 3999 Raimundus,
507 3922 652 4001 magister
677 3921 786 4000 David,
816 3923 935 3985 Bricius
960 3924 1160 4002 senescallus,
1188 3924 1277 3985 frater
1302 3922 1497 4002 Willelmus,
1523 3924 1578 4005 qui

271 4010 407 4071 chartam
423 4010 544 4094 scripsit
567 4009 726 4088 (Archives
743 4011 780 4072 de
797 4011 931 4075 l'Orient
945 4013 1020 4074 latin
1036 4013 1061 4074 ll
1070 4013 1104 4093 B,
1124 4033 1154 4096 ρ.
1178 4014 1279 4093 ι46-
1290 4034 1358 4094 147,
1375 4015 1435 4076 No.
1456 4033 1513 4094 ²93
1538 4013 1576 4076 cf.

271 4099 422 4179 Cibrario,
439 4121 470 4182 p.
490 4119 570 4181 2373
595 4099 743 4178 Ferrand,
761 4120 790 4182 p.
811 4101 872 4182 32).
1506 4101 1577 4164 628

352 4251 372 4283 ,,
419 4205 491 4285 Maj.
507 4241 543 4250 -
556 4207 762 4269 Boamundus
779 4207 826 4288 lll,
843 4207 1024 4289 Raymundi
1040 4208 1188 4290 principis
1204 4207 1295 4287 filius,
1311 4207 1576 4289 princepsAntio-

270 4297 399 4375 chenus,
424 4315 487 4358 una
513 4314 585 4358 cum
610 4316 707 4358 uxore
733 4296 848 4379 Sibylla
872 4297 1016 4359 ecclesiae
1042 4296 1072 4359 S.
1090 4297 1255 4360 Salvatoris
1279 4297 1312 4358 in
1338 4298 1446 4359 Monte
1470 4297 1578 4362 Tabor

270 4383 401 4466 ejusque
417 4385 517 4447 abbati
533 4386 668 4448 Johanni
685 4387 718 4448 M
735 4386 887 4465 anguillas
909 4384 1040 4466 singulis
1058 4387 1149 4448 annis
1165 4387 1197 4448 in
1215 4387 1376 4469 piscatoria
1392 4386 1577 4451 Antiochiae

271 4474 435 4555 capiendas
452 4495 509 4556 pro
525 4476 621 4536 salute
645 4475 815 4537 Raimundi
839 4475 986 4558 principis
1002 4495 1037 4537 ac
1053 4477 1157 4537 matris
1173 4476 1372 4539 Constantine
1389 4477 1532 4539 concedit
1547 4497 1577 4540 et

270 4562 372 4643 sigillo
395 4563 568 4626 confirmat.
585 4598 629 4608 -
645 4564 799 4643 Rogerius
815 4564 854 4627 de
870 4565 1057 4643 Surdevaus,
1081 4566 1178 4645 Hugo
1201 4566 1239 4627 de
1263 4565 1378 4646 Logiis,
1403 4567 1577 4648 Matthaeus

271 4653 309 4714 de
326 4653 472 4735 Sehonia,
480 4655 501 4731 ¹)
518 4653 614 4733 Hugo
631 4654 669 4715 de
686 4653 827 4733 Corbuil,
844 4652 1026 4716 Willelmus
1042 4655 1080 4716 de
1096 4656 1189 4733 Cava,
1211 4656 1275 4717 dux
1290 4654 1472 4736 Laodiceae,
1490 4655 1576 4737 Gan-

270 4743 365 4804 terius
381 4743 420 4804 de
436 4743 656 4823 Archiquan,2t
678 4743 856 4806 Bernardus
879 4743 1028 4824 Soberan,
1052 4745 1235 4806 Leonardus
1250 4745 1289 4806 de
1308 4744 1427 4807 Roisol.
1459 4746 1576 4828 Datum

345 4880 365 4946 ¹)
384 4876 461 4934 Alia's
475 4879 582 4949 Saona,
595 4876 711 4935 Seonia.
786 4882 808 4948 ²)
827 4877 903 4935 Alias
916 4877 1084 4936 Darchican.
