<?xml version="1.0" encoding="UTF-8"?>
<!DOCTYPE html PUBLIC "-//W3C//DTD XHTML 1.0 Transitional//EN"
    "http://www.w3.org/TR/xhtml1/DTD/xhtml1-transitional.dtd">
<html xmlns="http://www.w3.org/1999/xhtml" xml:lang="en" lang="en">
 <head>
  <title>
</title>
<meta http-equiv="Content-Type" content="text/html;charset=utf-8" />
  <meta name='ocr-system' content='tesseract 3.04.00' />
  <meta name='ocr-capabilities' content='ocr_page ocr_carea ocr_par ocr_line ocrx_word'/>
</head>
<body>
  <div class='ocr_page' id='page_1' title='image "./regestaregnihie00rhgoog_0632.png"; bbox 0 0 3398 5400; ppageno 0'>
   <div class='ocr_carea' id='block_1_1' title="bbox 667 357 1499 432">
    <p class='ocr_par' dir='ltr' id='par_1_1' title="bbox 667 357 1499 432">
     <span class='ocr_line' id='line_1_1' title="bbox 667 357 1499 432; baseline 0.012 -20"><span class='ocrx_word' id='word_1_1' title='bbox 667 359 747 430; x_wconf 81' lang='lat' dir='ltr'><strong>regni</strong></span> <span class='ocrx_word' id='word_1_2' title='bbox 761 357 1022 432; x_wconf 85' lang='lat' dir='ltr'><strong>Hierosolymitani.</strong></span> <span class='ocrx_word' id='word_1_3' title='bbox 1462 374 1499 431; x_wconf 73' lang='lat'><strong>99</strong></span> 
     </span>
    </p>
   </div>
   <div class='ocr_carea' id='block_1_2' title="bbox 189 557 1500 1265">
    <p class='ocr_par' dir='ltr' id='par_1_2' title="bbox 189 557 1500 1265">
     <span class='ocr_line' id='line_1_2' title="bbox 244 557 1500 643; baseline 0.002 -25"><span class='ocrx_word' id='word_1_4' title='bbox 244 557 332 619; x_wconf 86' lang='lat'>1280</span> <span class='ocrx_word' id='word_1_5' title='bbox 348 559 474 621; x_wconf 90' lang='lat' dir='ltr'><strong>Octobr.</strong></span> <span class='ocrx_word' id='word_1_6' title='bbox 498 580 521 620; x_wconf 93' lang='grc'><strong>1.</strong></span> <span class='ocrx_word' id='word_1_7' title='bbox 538 559 693 635; x_wconf 86' lang='lat' dir='ltr'><strong>(Nicosiae</strong></span> <span class='ocrx_word' id='word_1_8' title='bbox 708 561 756 622; x_wconf 91' lang='lat' dir='ltr'><strong>vel</strong></span> <span class='ocrx_word' id='word_1_9' title='bbox 771 560 912 643; x_wconf 80' lang='lat' dir='ltr'><strong>Tripoli).</strong></span> <span class='ocrx_word' id='word_1_10' title='bbox 937 591 981 603; x_wconf 90' lang='lat'><em>-</em></span> <span class='ocrx_word' id='word_1_11' title='bbox 1007 561 1057 638; x_wconf 92' lang='lat' dir='ltr'><strong>N.,</strong></span> <span class='ocrx_word' id='word_1_12' title='bbox 1080 559 1224 641; x_wconf 85' lang='lat' dir='ltr'>subprior</span> <span class='ocrx_word' id='word_1_13' title='bbox 1239 558 1276 621; x_wconf 92' lang='lat' dir='ltr'><strong>O.</strong></span> <span class='ocrx_word' id='word_1_14' title='bbox 1293 559 1340 620; x_wconf 89' lang='lat' dir='ltr'><strong>Pr.</strong></span> <span class='ocrx_word' id='word_1_15' title='bbox 1356 559 1500 621; x_wconf 86' lang='lat' dir='ltr'><strong>Nicosiae</strong></span> 
     </span>
     <span class='ocr_line' id='line_1_3' title="bbox 191 647 1497 730; baseline 0.002 -24"><span class='ocrx_word' id='word_1_16' title='bbox 191 647 241 708; x_wconf 80' lang='lat' dir='ltr'><strong>vel</strong></span> <span class='ocrx_word' id='word_1_17' title='bbox 249 649 396 730; x_wconf 90' lang='lat' dir='ltr'><strong>Tripolis,</strong></span> <span class='ocrx_word' id='word_1_18' title='bbox 405 648 452 727; x_wconf 91' lang='lat' dir='ltr'><strong>N.,</strong></span> <span class='ocrx_word' id='word_1_19' title='bbox 461 648 638 730; x_wconf 88' lang='lat' dir='ltr'><strong>provinciali</strong></span> <span class='ocrx_word' id='word_1_20' title='bbox 649 649 687 710; x_wconf 92' lang='grc' dir='ltr'>Ο.</span> <span class='ocrx_word' id='word_1_21' title='bbox 697 649 743 710; x_wconf 90' lang='grc' dir='ltr'><strong>Ρ1.</strong></span> <span class='ocrx_word' id='word_1_22' title='bbox 761 649 793 711; x_wconf 94' lang='lat' dir='ltr'><strong>in</strong></span> <span class='ocrx_word' id='word_1_23' title='bbox 804 650 899 712; x_wconf 88' lang='lat' dir='ltr'><strong>Terra</strong></span> <span class='ocrx_word' id='word_1_24' title='bbox 909 648 1029 727; x_wconf 90' lang='lat' dir='ltr'><strong>Sancta,</strong></span> <span class='ocrx_word' id='word_1_25' title='bbox 1039 648 1169 726; x_wconf 89' lang='lat' dir='ltr'><strong>nuntiat,</strong></span> <span class='ocrx_word' id='word_1_26' title='bbox 1186 649 1359 729; x_wconf 92' lang='lat' dir='ltr'><strong>quomod0,</strong></span> <span class='ocrx_word' id='word_1_27' title='bbox 1378 667 1497 729; x_wconf 83' lang='lat' dir='ltr'><strong>»quum</strong></span> 
     </span>
     <span class='ocr_line' id='line_1_4' title="bbox 195 736 1498 819; baseline 0.001 -21"><span class='ocrx_word' id='word_1_28' title='bbox 195 756 295 819; x_wconf 87' lang='lat' dir='ltr'><strong>nuper</strong></span> <span class='ocrx_word' id='word_1_29' title='bbox 311 738 401 799; x_wconf 91' lang='lat' dir='ltr'><strong>nobis</strong></span> <span class='ocrx_word' id='word_1_30' title='bbox 417 737 528 800; x_wconf 88' lang='lat' dir='ltr'><strong>certius</strong></span> <span class='ocrx_word' id='word_1_31' title='bbox 544 738 728 799; x_wconf 82' lang='lat' dir='ltr'>constitisset</span> <span class='ocrx_word' id='word_1_32' title='bbox 745 739 782 799; x_wconf 92' lang='lat' dir='ltr'><strong>de</strong></span> <span class='ocrx_word' id='word_1_33' title='bbox 800 739 997 800; x_wconf 89' lang='lat' dir='ltr'><strong>absolutione</strong></span> <span class='ocrx_word' id='word_1_34' title='bbox 1021 737 1117 799; x_wconf 80' lang='lat' dir='ltr'>nostri</span> <span class='ocrx_word' id='word_1_35' title='bbox 1133 737 1251 818; x_wconf 90' lang='lat' dir='ltr'><strong>prioris,</strong></span> <span class='ocrx_word' id='word_1_36' title='bbox 1275 736 1351 798; x_wconf 82' lang='lat' dir='ltr'><strong>facta</strong></span> <span class='ocrx_word' id='word_1_37' title='bbox 1365 736 1399 798; x_wconf 90' lang='lat' dir='ltr'><strong>in</strong></span> <span class='ocrx_word' id='word_1_38' title='bbox 1415 737 1498 819; x_wconf 87' lang='lat' dir='ltr'><strong>capi-</strong></span> 
     </span>
     <span class='ocr_line' id='line_1_5' title="bbox 189 826 1500 908; baseline 0.002 -22"><span class='ocrx_word' id='word_1_39' title='bbox 189 826 261 888; x_wconf 89' lang='lat' dir='ltr'><strong>tulo</strong></span> <span class='ocrx_word' id='word_1_40' title='bbox 277 826 456 908; x_wconf 91' lang='lat' dir='ltr'><strong>provinciali</strong></span> <span class='ocrx_word' id='word_1_41' title='bbox 472 826 610 908; x_wconf 83' lang='lat' dir='ltr'><strong>Tripolis</strong></span> <span class='ocrx_word' id='word_1_42' title='bbox 627 827 799 888; x_wconf 77' lang='lat' dir='ltr'><strong>celebrato«</strong></span> <span class='ocrx_word' id='word_1_43' title='bbox 828 829 867 889; x_wconf 91' lang='lat' dir='ltr'><strong>de</strong></span> <span class='ocrx_word' id='word_1_44' title='bbox 893 826 1035 908; x_wconf 86' lang='lat' dir='ltr'><strong>eligendo</strong></span> <span class='ocrx_word' id='word_1_45' title='bbox 1061 844 1144 888; x_wconf 86' lang='lat' dir='ltr'><strong>novo</strong></span> <span class='ocrx_word' id='word_1_46' title='bbox 1168 827 1270 908; x_wconf 94' lang='lat' dir='ltr'><strong>priore</strong></span> <span class='ocrx_word' id='word_1_47' title='bbox 1293 841 1395 888; x_wconf 89' lang='lat' dir='ltr'><strong>actum</strong></span> <span class='ocrx_word' id='word_1_48' title='bbox 1417 826 1455 887; x_wconf 92' lang='lat' dir='ltr'><strong>sit</strong></span> <span class='ocrx_word' id='word_1_49' title='bbox 1470 844 1500 888; x_wconf 89' lang='lat' dir='ltr'><strong>et</strong></span> 
     </span>
     <span class='ocr_line' id='line_1_6' title="bbox 192 914 1498 995; baseline 0.001 -18"><span class='ocrx_word' id='word_1_50' title='bbox 192 914 365 994; x_wconf 81' lang='lat' dir='ltr'><strong>Hugonem</strong></span> <span class='ocrx_word' id='word_1_51' title='bbox 382 917 420 978; x_wconf 92' lang='lat' dir='ltr'><strong>de</strong></span> <span class='ocrx_word' id='word_1_52' title='bbox 437 916 577 977; x_wconf 88' lang='lat' dir='ltr'><strong>Barbana</strong></span> <span class='ocrx_word' id='word_1_53' title='bbox 593 917 726 978; x_wconf 87' lang='lat' dir='ltr'><strong>electum</strong></span> <span class='ocrx_word' id='word_1_54' title='bbox 751 937 816 978; x_wconf 89' lang='lat' dir='ltr'><strong>esse</strong></span> <span class='ocrx_word' id='word_1_55' title='bbox 833 937 849 978; x_wconf 90' lang='lat' dir='ltr'><strong>a</strong></span> <span class='ocrx_word' id='word_1_56' title='bbox 866 915 1058 990; x_wconf 88' lang='lat' dir='ltr'><strong>Constantio,</strong></span> <span class='ocrx_word' id='word_1_57' title='bbox 1081 914 1241 995; x_wconf 85' lang='lat' dir='ltr'>subpriore</span> <span class='ocrx_word' id='word_1_58' title='bbox 1264 915 1425 993; x_wconf 86' lang='lat' dir='ltr'><strong>antedicto,</strong></span> <span class='ocrx_word' id='word_1_59' title='bbox 1452 937 1498 978; x_wconf 91' lang='lat' dir='ltr'><strong>as-</strong></span> 
     </span>
     <span class='ocr_line' id='line_1_7' title="bbox 192 1003 1498 1085; baseline 0.001 -20"><span class='ocrx_word' id='word_1_60' title='bbox 192 1005 397 1067; x_wconf 90' lang='lat' dir='ltr'><strong>sentientibus</strong></span> <span class='ocrx_word' id='word_1_61' title='bbox 407 1004 549 1067; x_wconf 88' lang='lat' dir='ltr'><strong>fratribus</strong></span> <span class='ocrx_word' id='word_1_62' title='bbox 560 1005 737 1085; x_wconf 89' lang='lat' dir='ltr'><strong>Dominico,</strong></span> <span class='ocrx_word' id='word_1_63' title='bbox 755 1007 909 1085; x_wconf 89' lang='lat' dir='ltr'><strong>Romano,</strong></span> <span class='ocrx_word' id='word_1_64' title='bbox 926 1003 1094 1082; x_wconf 88' lang='lat' dir='ltr'><strong>Bernardo,</strong></span> <span class='ocrx_word' id='word_1_65' title='bbox 1103 1005 1247 1084; x_wconf 85' lang='lat' dir='ltr'><strong>Aegidio,</strong></span> <span class='ocrx_word' id='word_1_66' title='bbox 1262 1005 1351 1066; x_wconf 88' lang='lat' dir='ltr'><strong>Petro</strong></span> <span class='ocrx_word' id='word_1_67' title='bbox 1361 1005 1498 1068; x_wconf 88' lang='lat' dir='ltr'><strong>Galterio</strong></span> 
     </span>
     <span class='ocr_line' id='line_1_8' title="bbox 194 1092 1498 1176; baseline 0 -22"><span class='ocrx_word' id='word_1_68' title='bbox 194 1093 364 1175; x_wconf 68' lang='lat' dir='ltr'><strong>Burgund,</strong></span> <span class='ocrx_word' id='word_1_69' title='bbox 388 1093 557 1157; x_wconf 90' lang='lat' dir='ltr'><strong>Guillelmo</strong></span> <span class='ocrx_word' id='word_1_70' title='bbox 582 1095 715 1175; x_wconf 80' lang='lat' dir='ltr'><strong>Anglico</strong></span> <span class='ocrx_word' id='word_1_71' title='bbox 731 1114 805 1157; x_wconf 91' lang='lat' dir='ltr'><strong>vero</strong></span> <span class='ocrx_word' id='word_1_72' title='bbox 829 1093 1065 1156; x_wconf 83' lang='lat' dir='ltr'><strong>contradicente.</strong></span> <span class='ocrx_word' id='word_1_73' title='bbox 1096 1093 1202 1174; x_wconf 90' lang='lat' dir='ltr'><strong>ltaque</strong></span> <span class='ocrx_word' id='word_1_74' title='bbox 1226 1092 1386 1176; x_wconf 85' lang='lat' dir='ltr'><strong>supplicat,</strong></span> <span class='ocrx_word' id='word_1_75' title='bbox 1410 1109 1445 1154; x_wconf 91' lang='lat' dir='ltr'><strong>ut</strong></span> <span class='ocrx_word' id='word_1_76' title='bbox 1460 1093 1498 1155; x_wconf 90' lang='lat' dir='ltr'><strong>N.</strong></span> 
     </span>
     <span class='ocr_line' id='line_1_9' title="bbox 190 1179 1497 1265; baseline -0.001 -21"><span class='ocrx_word' id='word_1_77' title='bbox 190 1182 391 1265; x_wconf 81' lang='lat' dir='ltr'><strong>provincialis</strong></span> <span class='ocrx_word' id='word_1_78' title='bbox 416 1183 455 1244; x_wconf 95' lang='grc' dir='ltr'>Ο.</span> <span class='ocrx_word' id='word_1_79' title='bbox 482 1183 529 1245; x_wconf 92' lang='lat' dir='ltr'><strong>Pr.</strong></span> <span class='ocrx_word' id='word_1_80' title='bbox 555 1183 636 1246; x_wconf 92' lang='lat' dir='ltr'><strong>hanc</strong></span> <span class='ocrx_word' id='word_1_81' title='bbox 661 1184 843 1247; x_wconf 85' lang='lat' dir='ltr'><strong>electionem</strong></span> <span class='ocrx_word' id='word_1_82' title='bbox 869 1183 1032 1246; x_wconf 88' lang='lat' dir='ltr'><strong>confirmet</strong></span> <span class='ocrx_word' id='word_1_83' title='bbox 1056 1179 1177 1263; x_wconf 88' lang='lat' dir='ltr'><strong>(Revue</strong></span> <span class='ocrx_word' id='word_1_84' title='bbox 1202 1183 1240 1243; x_wconf 88' lang='lat' dir='ltr'><strong>de</strong></span> <span class='ocrx_word' id='word_1_85' title='bbox 1264 1182 1397 1244; x_wconf 86' lang='lat' dir='ltr'><strong>l&#39;Orient</strong></span> <span class='ocrx_word' id='word_1_86' title='bbox 1411 1182 1461 1244; x_wconf 88' lang='lat' dir='ltr'><strong>lat.</strong></span> <span class='ocrx_word' id='word_1_87' title='bbox 1476 1181 1497 1256; x_wconf 97' lang='lat' dir='ltr'><strong>l,</strong></span> 
     </span>
    </p>
   </div>
   <div class='ocr_carea' id='block_1_3' title="bbox 193 1268 1616 1355">
    <p class='ocr_par' dir='ltr' id='par_1_3' title="bbox 193 1268 1616 1355">
     <span class='ocr_line' id='line_1_10' title="bbox 193 1268 1616 1355; baseline -0.026 -9"><span class='ocrx_word' id='word_1_88' title='bbox 193 1291 223 1354; x_wconf 83' lang='lat' dir='ltr'><strong>P·</strong></span> <span class='ocrx_word' id='word_1_89' title='bbox 244 1274 425 1354; x_wconf 84' lang='lat'>533-536‚</span> <span class='ocrx_word' id='word_1_90' title='bbox 441 1271 500 1336; x_wconf 90' lang='lat' dir='ltr'><strong>N0.</strong></span> <span class='ocrx_word' id='word_1_91' title='bbox 520 1292 555 1354; x_wconf 91' lang='grc'>5;</span> <span class='ocrx_word' id='word_1_92' title='bbox 574 1273 610 1335; x_wconf 91' lang='lat' dir='ltr'><strong>cf.</strong></span> <span class='ocrx_word' id='word_1_93' title='bbox 627 1294 707 1355; x_wconf 87' lang='lat' dir='ltr'><strong>quae</strong></span> <span class='ocrx_word' id='word_1_94' title='bbox 724 1275 882 1335; x_wconf 82' lang='lat' dir='ltr'><strong>annotavit</strong></span> <span class='ocrx_word' id='word_1_95' title='bbox 897 1268 1017 1353; x_wconf 88' lang='lat' dir='ltr'><strong>editor).</strong></span> <span class='ocrx_word' id='word_1_96' title='bbox 1395 1270 1498 1332; x_wconf 69' lang='lat'>1435·</span> <span class='ocrx_word' id='word_1_97' title='bbox 1612 1275 1616 1281; x_wconf 91' lang='lat'><strong>·</strong></span> 
     </span>
    </p>
   </div>
   <div class='ocr_carea' id='block_1_4' title="bbox 192 1359 1499 1709">
    <p class='ocr_par' dir='ltr' id='par_1_4' title="bbox 192 1359 1499 1709">
     <span class='ocr_line' id='line_1_11' title="bbox 283 1359 1498 1443; baseline -0.001 -20"><span class='ocrx_word' id='word_1_98' title='bbox 283 1409 303 1440; x_wconf 94' lang='lat'>„</span> <span class='ocrx_word' id='word_1_99' title='bbox 350 1362 460 1424; x_wconf 88' lang='lat' dir='ltr'><strong>Octob.</strong></span> <span class='ocrx_word' id='word_1_100' title='bbox 482 1381 528 1425; x_wconf 89' lang='lat' dir='ltr'><strong>to.</strong></span> <span class='ocrx_word' id='word_1_101' title='bbox 551 1368 669 1426; x_wconf 76' lang='lat' dir='ltr'><strong>Accon.</strong></span> <span class='ocrx_word' id='word_1_102' title='bbox 701 1395 744 1407; x_wconf 90' lang='lat'>-</span> <span class='ocrx_word' id='word_1_103' title='bbox 775 1362 921 1425; x_wconf 89' lang='lat' dir='ltr'><strong>Nicolaus</strong></span> <span class='ocrx_word' id='word_1_104' title='bbox 953 1361 1117 1442; x_wconf 81' lang='lat' dir='ltr'><strong>Lorgnius,</strong></span> <span class='ocrx_word' id='word_1_105' title='bbox 1148 1359 1315 1443; x_wconf 86' lang='lat' dir='ltr'><strong>Hospitalis</strong></span> <span class='ocrx_word' id='word_1_106' title='bbox 1346 1361 1498 1438; x_wconf 83' lang='lat' dir='ltr'><strong>magister,</strong></span> 
     </span>
     <span class='ocr_line' id='line_1_12' title="bbox 192 1449 1497 1533; baseline -0.001 -21"><span class='ocrx_word' id='word_1_107' title='bbox 192 1449 363 1532; x_wconf 85' lang='lat' dir='ltr'><strong>Hospitalis</strong></span> <span class='ocrx_word' id='word_1_108' title='bbox 389 1451 556 1532; x_wconf 83' lang='lat' dir='ltr'><strong>Hispaniae</strong></span> <span class='ocrx_word' id='word_1_109' title='bbox 581 1451 676 1533; x_wconf 88' lang='lat' dir='ltr'><strong>priori</strong></span> <span class='ocrx_word' id='word_1_110' title='bbox 701 1468 730 1513; x_wconf 92' lang='lat' dir='ltr'><strong>et</strong></span> <span class='ocrx_word' id='word_1_111' title='bbox 765 1451 1068 1514; x_wconf 84' lang='lat' dir='ltr'><strong>commendatoribus</strong></span> <span class='ocrx_word' id='word_1_112' title='bbox 1098 1451 1247 1524; x_wconf 85' lang='lat' dir='ltr'><strong>concedit,</strong></span> <span class='ocrx_word' id='word_1_113' title='bbox 1277 1466 1312 1511; x_wconf 90' lang='lat' dir='ltr'><strong>ut</strong></span> <span class='ocrx_word' id='word_1_114' title='bbox 1342 1450 1497 1511; x_wconf 90' lang='lat' dir='ltr'><strong>cambium</strong></span> 
     </span>
     <span class='ocr_line' id='line_1_13' title="bbox 192 1537 1496 1623; baseline 0 -23"><span class='ocrx_word' id='word_1_115' title='bbox 192 1541 356 1621; x_wconf 87' lang='lat' dir='ltr'><strong>quoddam</strong></span> <span class='ocrx_word' id='word_1_116' title='bbox 381 1537 491 1602; x_wconf 84' lang='lat' dir='ltr'><strong>iaciant</strong></span> <span class='ocrx_word' id='word_1_117' title='bbox 516 1541 564 1618; x_wconf 82' lang='lat' dir='ltr'><strong>(D.</strong></span> <span class='ocrx_word' id='word_1_118' title='bbox 587 1541 669 1603; x_wconf 88' lang='lat' dir='ltr'><strong>Cart.</strong></span> <span class='ocrx_word' id='word_1_119' title='bbox 692 1541 739 1620; x_wconf 90' lang='lat' dir='ltr'><strong>lll,</strong></span> <span class='ocrx_word' id='word_1_120' title='bbox 766 1561 794 1622; x_wconf 93' lang='lat' dir='ltr'><strong>p.</strong></span> <span class='ocrx_word' id='word_1_121' title='bbox 813 1542 997 1623; x_wconf 83' lang='grc'>597-598,</span> <span class='ocrx_word' id='word_1_122' title='bbox 1028 1540 1090 1601; x_wconf 90' lang='grc' dir='ltr'>Νο.</span> <span class='ocrx_word' id='word_1_123' title='bbox 1110 1559 1211 1620; x_wconf 91' lang='grc'>5751;</span> <span class='ocrx_word' id='word_1_124' title='bbox 1243 1537 1360 1603; x_wconf 88' lang='lat' dir='ltr'><strong>luvent.</strong></span> <span class='ocrx_word' id='word_1_125' title='bbox 1376 1560 1406 1621; x_wconf 91' lang='lat' dir='ltr'><strong>p.</strong></span> <span class='ocrx_word' id='word_1_126' title='bbox 1428 1540 1496 1617; x_wconf 89' lang='grc'>106,</span> 
     </span>
     <span class='ocr_line' id='line_1_14' title="bbox 193 1626 1499 1709; baseline -0.002 -19"><span class='ocrx_word' id='word_1_127' title='bbox 193 1628 254 1690; x_wconf 90' lang='grc' dir='ltr'>Νο.</span> <span class='ocrx_word' id='word_1_128' title='bbox 274 1628 355 1709; x_wconf 88' lang='grc'>578).</span> <span class='ocrx_word' id='word_1_129' title='bbox 1394 1626 1499 1688; x_wconf 61' lang='grc' dir='ltr'><strong>1436α</strong></span> 
     </span>
    </p>
   </div>
   <div class='ocr_carea' id='block_1_5' title="bbox 191 1733 1500 2085">
    <p class='ocr_par' dir='ltr' id='par_1_5' title="bbox 191 1733 1500 2085">
     <span class='ocr_line' id='line_1_15' title="bbox 282 1733 1498 1814; baseline 0.002 -18"><span class='ocrx_word' id='word_1_130' title='bbox 282 1783 301 1813; x_wconf 93' lang='grc'><strong>,,</strong></span> <span class='ocrx_word' id='word_1_131' title='bbox 348 1768 389 1781; x_wconf 89' lang='grc'><strong>-</strong></span> <span class='ocrx_word' id='word_1_132' title='bbox 407 1735 573 1814; x_wconf 80' lang='lat' dir='ltr'><strong>Agrimont</strong></span> <span class='ocrx_word' id='word_1_133' title='bbox 588 1734 627 1796; x_wconf 91' lang='lat' dir='ltr'><strong>de</strong></span> <span class='ocrx_word' id='word_1_134' title='bbox 642 1736 750 1814; x_wconf 91' lang='lat' dir='ltr'><strong>Besan,</strong></span> <span class='ocrx_word' id='word_1_135' title='bbox 766 1735 913 1797; x_wconf 91' lang='lat' dir='ltr'><strong>dominus</strong></span> <span class='ocrx_word' id='word_1_136' title='bbox 927 1733 1092 1812; x_wconf 89' lang='lat' dir='ltr'><strong>Tricariae,</strong></span> <span class='ocrx_word' id='word_1_137' title='bbox 1108 1734 1238 1809; x_wconf 88' lang='lat' dir='ltr'><strong>Marino,</strong></span> <span class='ocrx_word' id='word_1_138' title='bbox 1254 1734 1384 1813; x_wconf 88' lang='lat' dir='ltr'><strong>Falloni,</strong></span> <span class='ocrx_word' id='word_1_139' title='bbox 1401 1736 1498 1798; x_wconf 88' lang='lat' dir='ltr'><strong>Panio</strong></span> 
     </span>
     <span class='ocr_line' id='line_1_16' title="bbox 191 1823 1497 1905; baseline 0.003 -20"><span class='ocrx_word' id='word_1_140' title='bbox 191 1840 223 1885; x_wconf 88' lang='lat' dir='ltr'><strong>et</strong></span> <span class='ocrx_word' id='word_1_141' title='bbox 239 1824 305 1886; x_wconf 92' lang='lat' dir='ltr'><strong>aliis</strong></span> <span class='ocrx_word' id='word_1_142' title='bbox 321 1825 456 1901; x_wconf 87' lang='lat' dir='ltr'><strong>mandat,</strong></span> <span class='ocrx_word' id='word_1_143' title='bbox 473 1840 507 1885; x_wconf 94' lang='lat' dir='ltr'><strong>ut</strong></span> <span class='ocrx_word' id='word_1_144' title='bbox 523 1828 682 1886; x_wconf 78' lang='lat' dir='ltr'><strong>Acconem</strong></span> <span class='ocrx_word' id='word_1_145' title='bbox 698 1826 810 1886; x_wconf 90' lang='lat' dir='ltr'><strong>adeant</strong></span> <span class='ocrx_word' id='word_1_146' title='bbox 820 1840 849 1885; x_wconf 91' lang='lat' dir='ltr'><strong>et</strong></span> <span class='ocrx_word' id='word_1_147' title='bbox 858 1825 995 1887; x_wconf 89' lang='lat' dir='ltr'><strong>chartam</strong></span> <span class='ocrx_word' id='word_1_148' title='bbox 1011 1824 1153 1886; x_wconf 85' lang='lat' dir='ltr'><strong>archiviis</strong></span> <span class='ocrx_word' id='word_1_149' title='bbox 1169 1823 1337 1905; x_wconf 85' lang='lat' dir='ltr'><strong>Hospitalis</strong></span> <span class='ocrx_word' id='word_1_150' title='bbox 1352 1825 1497 1889; x_wconf 87' lang='lat' dir='ltr'><strong>insertam</strong></span> 
     </span>
     <span class='ocr_line' id='line_1_17' title="bbox 193 1912 1500 1995; baseline 0.002 -22"><span class='ocrx_word' id='word_1_151' title='bbox 193 1914 349 1995; x_wconf 88' lang='lat' dir='ltr'><strong>recipiant,</strong></span> <span class='ocrx_word' id='word_1_152' title='bbox 365 1933 445 1994; x_wconf 93' lang='lat' dir='ltr'><strong>quae</strong></span> <span class='ocrx_word' id='word_1_153' title='bbox 461 1912 620 1995; x_wconf 88' lang='lat' dir='ltr'><strong>epistolam</strong></span> <span class='ocrx_word' id='word_1_154' title='bbox 644 1913 813 1976; x_wconf 90' lang='lat' dir='ltr'><strong>lnnocentii</strong></span> <span class='ocrx_word' id='word_1_155' title='bbox 829 1914 869 1976; x_wconf 91' lang='lat' dir='ltr'><strong>lV</strong></span> <span class='ocrx_word' id='word_1_156' title='bbox 892 1913 1038 1992; x_wconf 91' lang='lat' dir='ltr'><strong>continet,</strong></span> <span class='ocrx_word' id='word_1_157' title='bbox 1060 1933 1123 1994; x_wconf 90' lang='lat' dir='ltr'><strong>qua</strong></span> <span class='ocrx_word' id='word_1_158' title='bbox 1145 1913 1301 1976; x_wconf 88' lang='lat' dir='ltr'><strong>Aimerico</strong></span> <span class='ocrx_word' id='word_1_159' title='bbox 1326 1914 1365 1974; x_wconf 92' lang='lat' dir='ltr'><strong>de</strong></span> <span class='ocrx_word' id='word_1_160' title='bbox 1387 1913 1500 1992; x_wconf 89' lang='lat' dir='ltr'><strong>Besan,</strong></span> 
     </span>
     <span class='ocr_line' id='line_1_18' title="bbox 192 2002 1497 2085; baseline 0.002 -22"><span class='ocrx_word' id='word_1_161' title='bbox 192 2002 273 2085; x_wconf 90' lang='lat' dir='ltr'><strong>patri</strong></span> <span class='ocrx_word' id='word_1_162' title='bbox 290 2004 360 2064; x_wconf 91' lang='lat' dir='ltr'><strong>dicti</strong></span> <span class='ocrx_word' id='word_1_163' title='bbox 377 2002 552 2082; x_wconf 81' lang='lat' dir='ltr'><strong>Agrimont,</strong></span> <span class='ocrx_word' id='word_1_164' title='bbox 563 2002 692 2064; x_wconf 88' lang='lat' dir='ltr'><strong>donatio</strong></span> <span class='ocrx_word' id='word_1_165' title='bbox 704 2003 810 2064; x_wconf 89' lang='lat' dir='ltr'><strong>casalis</strong></span> <span class='ocrx_word' id='word_1_166' title='bbox 819 2003 973 2065; x_wconf 89' lang='lat' dir='ltr'><strong>Tricariae</strong></span> <span class='ocrx_word' id='word_1_167' title='bbox 984 2022 1037 2084; x_wconf 93' lang='lat' dir='ltr'><strong>per</strong></span> <span class='ocrx_word' id='word_1_168' title='bbox 1047 2002 1237 2064; x_wconf 90' lang='lat' dir='ltr'><strong>Fridericum</strong></span> <span class='ocrx_word' id='word_1_169' title='bbox 1247 2003 1271 2064; x_wconf 96' lang='lat' dir='ltr'><strong>ll</strong></span> <span class='ocrx_word' id='word_1_170' title='bbox 1281 2004 1497 2085; x_wconf 89' lang='lat' dir='ltr'><strong>imperatorem</strong></span> 
     </span>
    </p>
   </div>
   <div class='ocr_carea' id='block_1_6' title="bbox 192 2091 1497 2241">
    <p class='ocr_par' dir='ltr' id='par_1_6' title="bbox 192 2091 1497 2241">
     <span class='ocr_line' id='line_1_19' title="bbox 192 2091 1497 2241; baseline 0.002 -89"><span class='ocrx_word' id='word_1_171' title='bbox 192 2091 271 2154; x_wconf 83' lang='lat' dir='ltr'><strong>facta</strong></span> <span class='ocrx_word' id='word_1_172' title='bbox 287 2092 486 2153; x_wconf 86' lang='lat' dir='ltr'><strong>confirmatur</strong></span> <span class='ocrx_word' id='word_1_173' title='bbox 493 2093 513 2169; x_wconf 87' lang='lat'><strong>¹)</strong></span> <span class='ocrx_word' id='word_1_174' title='bbox 530 2091 581 2169; x_wconf 88' lang='lat' dir='ltr'><strong>(D.</strong></span> <span class='ocrx_word' id='word_1_175' title='bbox 599 2093 681 2154; x_wconf 86' lang='lat' dir='ltr'><strong>Cart.</strong></span> <span class='ocrx_word' id='word_1_176' title='bbox 694 2091 739 2172; x_wconf 94' lang='lat' dir='ltr'><strong>lll,</strong></span> <span class='ocrx_word' id='word_1_177' title='bbox 751 2110 779 2175; x_wconf 93' lang='lat' dir='ltr'><strong>p.</strong></span> <span class='ocrx_word' id='word_1_178' title='bbox 793 2094 865 2174; x_wconf 85' lang='lat'><strong>389,</strong></span> <span class='ocrx_word' id='word_1_179' title='bbox 883 2092 943 2153; x_wconf 93' lang='lat' dir='ltr'><strong>No.</strong></span> <span class='ocrx_word' id='word_1_180' title='bbox 957 2111 1059 2174; x_wconf 90' lang='grc'>5715;</span> <span class='ocrx_word' id='word_1_181' title='bbox 1077 2091 1192 2152; x_wconf 88' lang='lat' dir='ltr'><strong>Invent.</strong></span> <span class='ocrx_word' id='word_1_182' title='bbox 1208 2111 1238 2174; x_wconf 96' lang='lat' dir='ltr'><strong>p.</strong></span> <span class='ocrx_word' id='word_1_183' title='bbox 1256 2113 1324 2172; x_wconf 90' lang='grc'>105,</span> <span class='ocrx_word' id='word_1_184' title='bbox 1341 2092 1497 2241; x_wconf 51' lang='lat' dir='ltr'><strong>Noipgp).</strong></span> 
     </span>
     <span class='ocr_line' id='line_1_20' title="bbox 1481 2190 1495 2222; baseline 0 -1"><span class='ocrx_word' id='word_1_185' title='bbox 1481 2190 1495 2222; x_wconf 75' lang='grc'><strong>1</strong></span> 
     </span>
    </p>
   </div>
   <div class='ocr_carea' id='block_1_7' title="bbox 190 2263 1497 2409">
    <p class='ocr_par' dir='ltr' id='par_1_7' title="bbox 190 2263 1497 2409">
     <span class='ocr_line' id='line_1_21' title="bbox 287 2263 1497 2336; baseline 0.001 -17"><span class='ocrx_word' id='word_1_186' title='bbox 287 2266 305 2334; x_wconf 85' lang='lat'><strong>¹)</strong></span> <span class='ocrx_word' id='word_1_187' title='bbox 320 2265 363 2319; x_wconf 91' lang='lat' dir='ltr'><strong>De</strong></span> <span class='ocrx_word' id='word_1_188' title='bbox 377 2263 506 2336; x_wconf 87' lang='lat' dir='ltr'><strong>personis</strong></span> <span class='ocrx_word' id='word_1_189' title='bbox 521 2276 549 2321; x_wconf 93' lang='lat' dir='ltr'><strong>et</strong></span> <span class='ocrx_word' id='word_1_190' title='bbox 563 2281 595 2318; x_wconf 92' lang='lat' dir='ltr'><strong>re</strong></span> <span class='ocrx_word' id='word_1_191' title='bbox 604 2263 631 2319; x_wconf 91' lang='lat' dir='ltr'><strong>in</strong></span> <span class='ocrx_word' id='word_1_192' title='bbox 640 2265 796 2320; x_wconf 85' lang='grc'>11100111111</span> <span class='ocrx_word' id='word_1_193' title='bbox 808 2263 975 2319; x_wconf 88' lang='lat' dir='ltr'><strong>memoratis</strong></span> <span class='ocrx_word' id='word_1_194' title='bbox 986 2263 1098 2320; x_wconf 89' lang='lat' dir='ltr'><strong>aliunde</strong></span> <span class='ocrx_word' id='word_1_195' title='bbox 1108 2263 1175 2319; x_wconf 89' lang='lat' dir='ltr'><strong>nihil</strong></span> <span class='ocrx_word' id='word_1_196' title='bbox 1187 2264 1308 2335; x_wconf 84' lang='lat' dir='ltr'><strong>scimus3</strong></span> <span class='ocrx_word' id='word_1_197' title='bbox 1323 2265 1359 2319; x_wconf 91' lang='lat' dir='ltr'><strong>de</strong></span> <span class='ocrx_word' id='word_1_198' title='bbox 1372 2265 1497 2320; x_wconf 82' lang='lat' dir='ltr'><strong>Tricoria</strong></span> 
     </span>
     <span class='ocr_line' id='line_1_22' title="bbox 190 2335 592 2409; baseline 0 -19"><span class='ocrx_word' id='word_1_199' title='bbox 190 2335 230 2391; x_wconf 78' lang='lat' dir='ltr'><strong>cf.</strong></span> <span class='ocrx_word' id='word_1_200' title='bbox 244 2336 303 2391; x_wconf 82' lang='lat' dir='ltr'><strong>RH.</strong></span> <span class='ocrx_word' id='word_1_201' title='bbox 316 2336 370 2392; x_wconf 85' lang='lat' dir='ltr'><strong>No.</strong></span> <span class='ocrx_word' id='word_1_202' title='bbox 382 2352 444 2408; x_wconf 80' lang='lat'><strong>473,</strong></span> <span class='ocrx_word' id='word_1_203' title='bbox 457 2351 518 2409; x_wconf 87' lang='grc'>515,</span> <span class='ocrx_word' id='word_1_204' title='bbox 533 2354 592 2408; x_wconf 88' lang='grc'>515.</span> 
     </span>
    </p>
   </div>
   <div class='ocr_carea' id='block_1_8' title="bbox 191 2411 1499 2672">
    <p class='ocr_par' dir='ltr' id='par_1_8' title="bbox 191 2411 1499 2672">
     <span class='ocr_line' id='line_1_23' title="bbox 282 2411 1497 2491; baseline 0.001 -17"><span class='ocrx_word' id='word_1_205' title='bbox 282 2458 300 2489; x_wconf 90' lang='grc'><strong>,,</strong></span> <span class='ocrx_word' id='word_1_206' title='bbox 345 2446 388 2456; x_wconf 92' lang='grc'>-</span> <span class='ocrx_word' id='word_1_207' title='bbox 405 2414 601 2474; x_wconf 89' lang='lat' dir='ltr'><strong>Procuratres</strong></span> <span class='ocrx_word' id='word_1_208' title='bbox 617 2413 759 2474; x_wconf 90' lang='lat' dir='ltr'><strong>antedicti</strong></span> <span class='ocrx_word' id='word_1_209' title='bbox 776 2411 942 2491; x_wconf 78' lang='lat' dir='ltr'><strong>Agrimont</strong></span> <span class='ocrx_word' id='word_1_210' title='bbox 958 2413 995 2473; x_wconf 91' lang='lat' dir='ltr'><strong>de</strong></span> <span class='ocrx_word' id='word_1_211' title='bbox 1006 2413 1115 2485; x_wconf 88' lang='lat' dir='ltr'><strong>Besan,</strong></span> <span class='ocrx_word' id='word_1_212' title='bbox 1124 2432 1157 2472; x_wconf 91' lang='lat' dir='ltr'><strong>se</strong></span> <span class='ocrx_word' id='word_1_213' title='bbox 1166 2413 1349 2475; x_wconf 89' lang='lat' dir='ltr'><strong>antedictam</strong></span> <span class='ocrx_word' id='word_1_214' title='bbox 1360 2414 1497 2475; x_wconf 89' lang='lat' dir='ltr'><strong>chartam</strong></span> 
     </span>
     <span class='ocr_line' id='line_1_24' title="bbox 191 2500 1496 2583; baseline 0.002 -21"><span class='ocrx_word' id='word_1_215' title='bbox 191 2503 231 2563; x_wconf 91' lang='lat' dir='ltr'><strong>ab</strong></span> <span class='ocrx_word' id='word_1_216' title='bbox 249 2501 417 2583; x_wconf 87' lang='lat' dir='ltr'><strong>Hospitalis</strong></span> <span class='ocrx_word' id='word_1_217' title='bbox 432 2502 578 2582; x_wconf 82' lang='lat' dir='ltr'><strong>magistro</strong></span> <span class='ocrx_word' id='word_1_218' title='bbox 594 2502 751 2583; x_wconf 89' lang='lat' dir='ltr'><strong>recepisse,</strong></span> <span class='ocrx_word' id='word_1_219' title='bbox 768 2500 953 2563; x_wconf 87' lang='lat' dir='ltr'><strong>confirmant</strong></span> <span class='ocrx_word' id='word_1_220' title='bbox 968 2501 1106 2578; x_wconf 70' lang='lat' dir='ltr'><strong>(DCart.</strong></span> <span class='ocrx_word' id='word_1_221' title='bbox 1125 2500 1169 2580; x_wconf 93' lang='grc'>111,</span> <span class='ocrx_word' id='word_1_222' title='bbox 1186 2522 1214 2583; x_wconf 93' lang='lat' dir='ltr'><strong>p.</strong></span> <span class='ocrx_word' id='word_1_223' title='bbox 1234 2522 1306 2583; x_wconf 83' lang='grc'>590,</span> <span class='ocrx_word' id='word_1_224' title='bbox 1322 2502 1381 2563; x_wconf 91' lang='lat' dir='ltr'><strong>No.</strong></span> <span class='ocrx_word' id='word_1_225' title='bbox 1401 2504 1496 2582; x_wconf 83' lang='lat'>3716;</span> 
     </span>
     <span class='ocr_line' id='line_1_25' title="bbox 191 2585 1499 2672; baseline -0.001 -21"><span class='ocrx_word' id='word_1_226' title='bbox 191 2590 311 2652; x_wconf 85' lang='lat' dir='ltr'><strong>lnvent.</strong></span> <span class='ocrx_word' id='word_1_227' title='bbox 329 2612 357 2672; x_wconf 97' lang='lat' dir='ltr'><strong>p.</strong></span> <span class='ocrx_word' id='word_1_228' title='bbox 379 2611 448 2671; x_wconf 87' lang='lat'><strong>105,</strong></span> <span class='ocrx_word' id='word_1_229' title='bbox 466 2593 525 2652; x_wconf 95' lang='lat' dir='ltr'><strong>No.</strong></span> <span class='ocrx_word' id='word_1_230' title='bbox 546 2592 628 2672; x_wconf 87' lang='grc'>571).</span> <span class='ocrx_word' id='word_1_231' title='bbox 1393 2585 1499 2651; x_wconf 72' lang='grc'>14371)</span> 
     </span>
    </p>
   </div>
   <div class='ocr_carea' id='block_1_9' title="bbox 191 2695 1499 3847">
    <p class='ocr_par' dir='ltr' id='par_1_9' title="bbox 191 2695 1499 3203">
     <span class='ocr_line' id='line_1_26' title="bbox 243 2695 1497 2779; baseline 0.003 -24"><span class='ocrx_word' id='word_1_232' title='bbox 243 2695 326 2756; x_wconf 85' lang='grc'>1281</span> <span class='ocrx_word' id='word_1_233' title='bbox 345 2699 410 2758; x_wconf 81' lang='lat' dir='ltr'><strong>lan.</strong></span> <span class='ocrx_word' id='word_1_234' title='bbox 429 2699 457 2759; x_wconf 88' lang='lat'><strong>8.</strong></span> <span class='ocrx_word' id='word_1_235' title='bbox 473 2731 517 2742; x_wconf 93' lang='grc'><strong>-</strong></span> <span class='ocrx_word' id='word_1_236' title='bbox 534 2697 658 2774; x_wconf 87' lang='lat' dir='ltr'><strong>Paulus,</strong></span> <span class='ocrx_word' id='word_1_237' title='bbox 676 2696 840 2778; x_wconf 89' lang='lat' dir='ltr'><strong>episcopus</strong></span> <span class='ocrx_word' id='word_1_238' title='bbox 855 2696 1077 2779; x_wconf 84' lang='lat' dir='ltr'><strong>Tripolitanos,</strong></span> <span class='ocrx_word' id='word_1_239' title='bbox 1099 2695 1203 2758; x_wconf 85' lang='lat' dir='ltr'><strong>officio</strong></span> <span class='ocrx_word' id='word_1_240' title='bbox 1230 2697 1328 2759; x_wconf 90' lang='lat' dir='ltr'><strong>nuntii</strong></span> <span class='ocrx_word' id='word_1_241' title='bbox 1346 2717 1441 2778; x_wconf 89' lang='lat' dir='ltr'><strong>papae</strong></span> <span class='ocrx_word' id='word_1_242' title='bbox 1459 2698 1497 2759; x_wconf 89' lang='lat' dir='ltr'><strong>ad</strong></span> 
     </span>
     <span class='ocr_line' id='line_1_27' title="bbox 192 2785 1498 2868; baseline 0.001 -20"><span class='ocrx_word' id='word_1_243' title='bbox 192 2785 377 2863; x_wconf 87' lang='lat' dir='ltr'><strong>Rudolfum,</strong></span> <span class='ocrx_word' id='word_1_244' title='bbox 407 2806 510 2867; x_wconf 85' lang='lat' dir='ltr'><strong>regem</strong></span> <span class='ocrx_word' id='word_1_245' title='bbox 534 2785 728 2864; x_wconf 88' lang='lat' dir='ltr'><strong>Germaniae,</strong></span> <span class='ocrx_word' id='word_1_246' title='bbox 759 2785 843 2847; x_wconf 91' lang='lat' dir='ltr'><strong>missi</strong></span> <span class='ocrx_word' id='word_1_247' title='bbox 875 2785 1009 2866; x_wconf 88' lang='lat' dir='ltr'><strong>fungens</strong></span> <span class='ocrx_word' id='word_1_248' title='bbox 1040 2785 1215 2868; x_wconf 88' lang='lat' dir='ltr'><strong>saepissime</strong></span> <span class='ocrx_word' id='word_1_249' title='bbox 1247 2802 1435 2847; x_wconf 90' lang='lat' dir='ltr'><strong>memoratur</strong></span> <span class='ocrx_word' id='word_1_250' title='bbox 1465 2786 1498 2849; x_wconf 91' lang='lat' dir='ltr'><strong>in</strong></span> 
     </span>
     <span class='ocr_line' id='line_1_28' title="bbox 192 2875 1499 2957; baseline 0 -21"><span class='ocrx_word' id='word_1_251' title='bbox 192 2875 487 2945; x_wconf 82' lang='lat' dir='ltr'><strong>Bdbmer-Redlich.</strong></span> <span class='ocrx_word' id='word_1_252' title='bbox 512 2877 587 2957; x_wconf 86' lang='lat' dir='ltr'><strong>Reg.</strong></span> <span class='ocrx_word' id='word_1_253' title='bbox 605 2875 725 2957; x_wconf 91' lang='lat' dir='ltr'><strong>imperii</strong></span> <span class='ocrx_word' id='word_1_254' title='bbox 742 2875 791 2952; x_wconf 87' lang='lat' dir='ltr'><strong>Vl,</strong></span> <span class='ocrx_word' id='word_1_255' title='bbox 815 2876 874 2937; x_wconf 90' lang='grc' dir='ltr'>Νο.</span> <span class='ocrx_word' id='word_1_256' title='bbox 906 2893 996 2955; x_wconf 88' lang='grc'>1091,</span> <span class='ocrx_word' id='word_1_257' title='bbox 1027 2877 1251 2955; x_wconf 80' lang='grc'>1094-1096,</span> <span class='ocrx_word' id='word_1_258' title='bbox 1284 2896 1374 2956; x_wconf 92' lang='grc'>1151,</span> <span class='ocrx_word' id='word_1_259' title='bbox 1407 2896 1499 2956; x_wconf 78' lang='grc'>1154,</span> 
     </span>
     <span class='ocr_line' id='line_1_29' title="bbox 200 2958 1497 3046; baseline 0 -21"><span class='ocrx_word' id='word_1_260' title='bbox 200 2958 871 3046; x_wconf 58' lang='grc' dir='ltr'>116ο,1161,1165,1165,1195151110,</span> <span class='ocrx_word' id='word_1_261' title='bbox 900 2983 998 3036; x_wconf 91' lang='grc' dir='ltr'>111ο;</span> <span class='ocrx_word' id='word_1_262' title='bbox 1023 2963 1060 3026; x_wconf 87' lang='lat' dir='ltr'><strong>cf.</strong></span> <span class='ocrx_word' id='word_1_263' title='bbox 1076 2965 1143 3027; x_wconf 89' lang='lat' dir='ltr'><strong>RK.</strong></span> <span class='ocrx_word' id='word_1_264' title='bbox 1166 2984 1194 3046; x_wconf 91' lang='lat' dir='ltr'><strong>p.</strong></span> <span class='ocrx_word' id='word_1_265' title='bbox 1212 2983 1397 3044; x_wconf 90' lang='grc'>970-971,</span> <span class='ocrx_word' id='word_1_266' title='bbox 1422 2985 1497 3042; x_wconf 85' lang='grc'>977,</span> 
     </span>
     <span class='ocr_line' id='line_1_30' title="bbox 191 3053 1498 3203; baseline -0.001 -88"><span class='ocrx_word' id='word_1_267' title='bbox 191 3055 275 3132; x_wconf 90' lang='grc'>978;</span> <span class='ocrx_word' id='word_1_268' title='bbox 294 3054 433 3130; x_wconf 88' lang='lat' dir='ltr'><strong>Redlich,</strong></span> <span class='ocrx_word' id='word_1_269' title='bbox 449 3053 571 3116; x_wconf 86' lang='lat' dir='ltr'><strong>Rudolf</strong></span> <span class='ocrx_word' id='word_1_270' title='bbox 583 3076 609 3114; x_wconf 86' lang='lat' dir='ltr'><strong>v.</strong></span> <span class='ocrx_word' id='word_1_271' title='bbox 626 3054 793 3133; x_wconf 86' lang='lat' dir='ltr'><strong>Habsburg</strong></span> <span class='ocrx_word' id='word_1_272' title='bbox 808 3074 836 3135; x_wconf 91' lang='lat' dir='ltr'><strong>p.</strong></span> <span class='ocrx_word' id='word_1_273' title='bbox 855 3073 928 3134; x_wconf 83' lang='lat'><strong>354,</strong></span> <span class='ocrx_word' id='word_1_274' title='bbox 942 3056 1015 3134; x_wconf 85' lang='lat'><strong>369,</strong></span> <span class='ocrx_word' id='word_1_275' title='bbox 1028 3056 1296 3135; x_wconf 81' lang='lat'><strong>398—404,415,</strong></span> <span class='ocrx_word' id='word_1_276' title='bbox 1312 3073 1498 3203; x_wconf 48' lang='lat'><strong>421-122328.</strong></span> 
     </span>
    </p>

    <p class='ocr_par' dir='ltr' id='par_1_10' title="bbox 194 3230 1498 3490">
     <span class='ocr_line' id='line_1_31' title="bbox 284 3230 1497 3313; baseline 0.002 -22"><span class='ocrx_word' id='word_1_277' title='bbox 284 3279 302 3306; x_wconf 87' lang='lat'>„</span> <span class='ocrx_word' id='word_1_278' title='bbox 349 3232 416 3292; x_wconf 91' lang='lat' dir='ltr'><strong>Jun.</strong></span> <span class='ocrx_word' id='word_1_279' title='bbox 437 3253 522 3312; x_wconf 85' lang='grc'><strong>5.-</strong></span> <span class='ocrx_word' id='word_1_280' title='bbox 540 3231 685 3309; x_wconf 86' lang='lat' dir='ltr'><strong>Milleval,</strong></span> <span class='ocrx_word' id='word_1_281' title='bbox 702 3231 794 3293; x_wconf 90' lang='lat' dir='ltr'><strong>vidua</strong></span> <span class='ocrx_word' id='word_1_282' title='bbox 810 3230 929 3293; x_wconf 91' lang='lat' dir='ltr'><strong>Nicolai</strong></span> <span class='ocrx_word' id='word_1_283' title='bbox 946 3231 1028 3292; x_wconf 86' lang='lat' dir='ltr'><strong>dela</strong></span> <span class='ocrx_word' id='word_1_284' title='bbox 1045 3231 1145 3313; x_wconf 88' lang='lat' dir='ltr'><strong>Spata,</strong></span> <span class='ocrx_word' id='word_1_285' title='bbox 1169 3230 1335 3312; x_wconf 91' lang='lat' dir='ltr'><strong>Hospitalis</strong></span> <span class='ocrx_word' id='word_1_286' title='bbox 1351 3233 1497 3311; x_wconf 81' lang='lat' dir='ltr'><strong>magistro</strong></span> 
     </span>
     <span class='ocr_line' id='line_1_32' title="bbox 194 3319 1495 3403; baseline 0.002 -22"><span class='ocrx_word' id='word_1_287' title='bbox 194 3320 325 3381; x_wconf 92' lang='lat' dir='ltr'><strong>Nicolao</strong></span> <span class='ocrx_word' id='word_1_288' title='bbox 334 3319 362 3381; x_wconf 90' lang='lat' dir='ltr'><strong>le</strong></span> <span class='ocrx_word' id='word_1_289' title='bbox 373 3321 496 3400; x_wconf 80' lang='lat' dir='ltr'><strong>Lorgne</strong></span> <span class='ocrx_word' id='word_1_290' title='bbox 508 3320 640 3383; x_wconf 88' lang='lat' dir='ltr'><strong>domum</strong></span> <span class='ocrx_word' id='word_1_291' title='bbox 651 3326 868 3383; x_wconf 80' lang='lat' dir='ltr'><strong>Acconensem</strong></span> <span class='ocrx_word' id='word_1_292' title='bbox 879 3321 973 3382; x_wconf 90' lang='lat' dir='ltr'><strong>donat</strong></span> <span class='ocrx_word' id='word_1_293' title='bbox 984 3320 1030 3395; x_wconf 82' lang='lat' dir='ltr'><strong>(D.</strong></span> <span class='ocrx_word' id='word_1_294' title='bbox 1041 3322 1120 3384; x_wconf 90' lang='lat' dir='ltr'><strong>Cart.</strong></span> <span class='ocrx_word' id='word_1_295' title='bbox 1131 3322 1176 3395; x_wconf 94' lang='grc'>111,</span> <span class='ocrx_word' id='word_1_296' title='bbox 1187 3341 1215 3403; x_wconf 91' lang='lat' dir='ltr'><strong>p.</strong></span> <span class='ocrx_word' id='word_1_297' title='bbox 1225 3341 1262 3400; x_wconf 88' lang='lat'><strong>41</strong></span> <span class='ocrx_word' id='word_1_298' title='bbox 1272 3341 1300 3396; x_wconf 86' lang='lat'><strong>2,</strong></span> <span class='ocrx_word' id='word_1_299' title='bbox 1316 3320 1376 3382; x_wconf 93' lang='lat' dir='ltr'><strong>No.</strong></span> <span class='ocrx_word' id='word_1_300' title='bbox 1394 3341 1473 3402; x_wconf 90' lang='grc'>5751</span> <span class='ocrx_word' id='word_1_301' title='bbox 1487 3341 1495 3392; x_wconf 91' lang='grc'>;</span> 
     </span>
     <span class='ocr_line' id='line_1_33' title="bbox 194 3408 1498 3490; baseline 0 -21"><span class='ocrx_word' id='word_1_302' title='bbox 194 3408 308 3470; x_wconf 91' lang='lat' dir='ltr'><strong>lnvent.</strong></span> <span class='ocrx_word' id='word_1_303' title='bbox 325 3430 354 3490; x_wconf 95' lang='lat' dir='ltr'><strong>p.</strong></span> <span class='ocrx_word' id='word_1_304' title='bbox 380 3430 447 3490; x_wconf 88' lang='grc'>105,</span> <span class='ocrx_word' id='word_1_305' title='bbox 462 3411 522 3472; x_wconf 93' lang='grc' dir='ltr'><strong>Νο.</strong></span> <span class='ocrx_word' id='word_1_306' title='bbox 544 3411 626 3490; x_wconf 86' lang='grc'>571).</span> <span class='ocrx_word' id='word_1_307' title='bbox 1394 3409 1498 3470; x_wconf 63' lang='grc' dir='ltr'><strong>1438Ε</strong></span> 
     </span>
    </p>

    <p class='ocr_par' dir='ltr' id='par_1_11' title="bbox 193 3492 1498 3847">
     <span class='ocr_line' id='line_1_34' title="bbox 287 3492 873 3563; baseline 0.005 -16"><span class='ocrx_word' id='word_1_308' title='bbox 287 3496 304 3553; x_wconf 83' lang='lat'><strong>¹)</strong></span> <span class='ocrx_word' id='word_1_309' title='bbox 319 3492 501 3563; x_wconf 82' lang='lat' dir='ltr'><strong>Privilegium</strong></span> <span class='ocrx_word' id='word_1_310' title='bbox 514 3494 608 3548; x_wconf 90' lang='lat' dir='ltr'><strong>adhuc</strong></span> <span class='ocrx_word' id='word_1_311' title='bbox 623 3506 726 3548; x_wconf 89' lang='lat' dir='ltr'><strong>notum</strong></span> <span class='ocrx_word' id='word_1_312' title='bbox 739 3511 800 3550; x_wconf 93' lang='lat' dir='ltr'><strong>non</strong></span> <span class='ocrx_word' id='word_1_313' title='bbox 813 3492 873 3550; x_wconf 84' lang='lat' dir='ltr'><strong>suit.</strong></span> 
     </span>
     <span class='ocr_line' id='line_1_35' title="bbox 193 3586 1498 3760; baseline -0.001 -22"><span class='ocrx_word' id='word_1_314' title='bbox 193 3586 911 3759; x_wconf 55' lang='grc' dir='ltr'>...1.,111111111ἕξὲζῗῗὲἑῖοὲῗξὲἒῗ</span> <span class='ocrx_word' id='word_1_315' title='bbox 927 3588 1498 3760; x_wconf 64' lang='grc' dir='ltr'>1111151111;;1.1ῑ113.</span> 
     </span>
     <span class='ocr_line' id='line_1_36' title="bbox 193 3765 1497 3847; baseline 0.001 -21"><span class='ocrx_word' id='word_1_316' title='bbox 193 3766 299 3826; x_wconf 89' lang='lat' dir='ltr'><strong>nensis</strong></span> <span class='ocrx_word' id='word_1_317' title='bbox 315 3766 457 3844; x_wconf 86' lang='lat' dir='ltr'><strong>gerentis,</strong></span> <span class='ocrx_word' id='word_1_318' title='bbox 474 3767 580 3828; x_wconf 89' lang='lat' dir='ltr'><strong>omnia</strong></span> <span class='ocrx_word' id='word_1_319' title='bbox 596 3765 672 3846; x_wconf 87' lang='lat' dir='ltr'><strong>jura,</strong></span> <span class='ocrx_word' id='word_1_320' title='bbox 689 3786 769 3847; x_wconf 89' lang='lat' dir='ltr'><strong>quae</strong></span> <span class='ocrx_word' id='word_1_321' title='bbox 786 3783 889 3828; x_wconf 88' lang='lat' dir='ltr'><strong>contra</strong></span> <span class='ocrx_word' id='word_1_322' title='bbox 907 3767 1019 3829; x_wconf 87' lang='lat' dir='ltr'><strong>dictam</strong></span> <span class='ocrx_word' id='word_1_323' title='bbox 1034 3767 1165 3828; x_wconf 93' lang='lat' dir='ltr'><strong>domum</strong></span> <span class='ocrx_word' id='word_1_324' title='bbox 1177 3767 1302 3828; x_wconf 88' lang='lat' dir='ltr'><strong>nornine</strong></span> <span class='ocrx_word' id='word_1_325' title='bbox 1319 3766 1497 3827; x_wconf 87' lang='lat' dir='ltr'><strong>monasterii</strong></span> 
     </span>
    </p>
   </div>
   <div class='ocr_carea' id='block_1_10' title="bbox 192 3852 1498 4026">
    <p class='ocr_par' dir='ltr' id='par_1_12' title="bbox 192 3852 1498 4026">
     <span class='ocr_line' id='line_1_37' title="bbox 194 3852 1498 3938; baseline 0.002 -24"><span class='ocrx_word' id='word_1_326' title='bbox 194 3855 396 3936; x_wconf 88' lang='lat' dir='ltr'><strong>praetendere</strong></span> <span class='ocrx_word' id='word_1_327' title='bbox 428 3871 541 3936; x_wconf 93' lang='lat' dir='ltr'><strong>posset,</strong></span> <span class='ocrx_word' id='word_1_328' title='bbox 567 3856 724 3918; x_wconf 91' lang='lat' dir='ltr'><strong>renuntiat</strong></span> <span class='ocrx_word' id='word_1_329' title='bbox 746 3852 797 3938; x_wconf 91' lang='lat' dir='ltr'><strong>(D.</strong></span> <span class='ocrx_word' id='word_1_330' title='bbox 827 3855 908 3920; x_wconf 89' lang='lat' dir='ltr'><strong>Cart.</strong></span> <span class='ocrx_word' id='word_1_331' title='bbox 934 3857 980 3930; x_wconf 96' lang='lat' dir='ltr'><strong>lll,</strong></span> <span class='ocrx_word' id='word_1_332' title='bbox 1005 3876 1035 3937; x_wconf 92' lang='lat' dir='ltr'><strong>p.</strong></span> <span class='ocrx_word' id='word_1_333' title='bbox 1060 3877 1136 3935; x_wconf 88' lang='lat'><strong>417,</strong></span> <span class='ocrx_word' id='word_1_334' title='bbox 1159 3854 1218 3918; x_wconf 94' lang='lat' dir='ltr'><strong>N0.</strong></span> <span class='ocrx_word' id='word_1_335' title='bbox 1243 3858 1344 3938; x_wconf 79' lang='lat'>3⁷643</span> <span class='ocrx_word' id='word_1_336' title='bbox 1379 3856 1498 3922; x_wconf 89' lang='lat' dir='ltr'><strong>lnvent.</strong></span> 
     </span>
     <span class='ocr_line' id='line_1_38' title="bbox 192 3943 1498 4026; baseline -0.001 -22"><span class='ocrx_word' id='word_1_337' title='bbox 192 3964 225 4026; x_wconf 94' lang='lat' dir='ltr'><strong>p.</strong></span> <span class='ocrx_word' id='word_1_338' title='bbox 246 3962 315 4023; x_wconf 93' lang='grc'>105,</span> <span class='ocrx_word' id='word_1_339' title='bbox 333 3944 393 4005; x_wconf 91' lang='grc' dir='ltr'>Νο.</span> <span class='ocrx_word' id='word_1_340' title='bbox 412 3945 495 4025; x_wconf 86' lang='grc'>575).</span> <span class='ocrx_word' id='word_1_341' title='bbox 1393 3943 1498 4004; x_wconf 73' lang='grc'>1439·</span> 
     </span>
    </p>
   </div>
   <div class='ocr_carea' id='block_1_11' title="bbox 189 4027 1497 4560">
    <p class='ocr_par' dir='ltr' id='par_1_13' title="bbox 285 4027 1059 4098">
     <span class='ocr_line' id='line_1_39' title="bbox 285 4027 1059 4098; baseline -0.001 -17"><span class='ocrx_word' id='word_1_342' title='bbox 285 4028 305 4098; x_wconf 77' lang='grc'><strong>1)</strong></span> <span class='ocrx_word' id='word_1_343' title='bbox 319 4027 361 4082; x_wconf 91' lang='lat' dir='ltr'><strong>De</strong></span> <span class='ocrx_word' id='word_1_344' title='bbox 375 4027 502 4097; x_wconf 84' lang='lat' dir='ltr'><strong>Georgio</strong></span> <span class='ocrx_word' id='word_1_345' title='bbox 517 4039 544 4082; x_wconf 92' lang='lat' dir='ltr'><strong>et</strong></span> <span class='ocrx_word' id='word_1_346' title='bbox 558 4027 691 4083; x_wconf 88' lang='lat' dir='ltr'><strong>Gnidone</strong></span> <span class='ocrx_word' id='word_1_347' title='bbox 704 4027 852 4083; x_wconf 89' lang='lat' dir='ltr'><strong>antedictis</strong></span> <span class='ocrx_word' id='word_1_348' title='bbox 866 4027 932 4083; x_wconf 89' lang='lat' dir='ltr'><strong>nihil</strong></span> <span class='ocrx_word' id='word_1_349' title='bbox 945 4027 1059 4083; x_wconf 90' lang='lat' dir='ltr'><strong>scimus.</strong></span> 
     </span>
    </p>

    <p class='ocr_par' dir='ltr' id='par_1_14' title="bbox 189 4122 1497 4382">
     <span class='ocr_line' id='line_1_40' title="bbox 281 4122 1497 4203; baseline 0.002 -21"><span class='ocrx_word' id='word_1_350' title='bbox 281 4170 299 4198; x_wconf 91' lang='lat'>„</span> <span class='ocrx_word' id='word_1_351' title='bbox 347 4127 428 4202; x_wconf 82' lang='lat' dir='ltr'><strong>Aug.</strong></span> <span class='ocrx_word' id='word_1_352' title='bbox 445 4123 475 4183; x_wconf 88' lang='grc'>6.</span> <span class='ocrx_word' id='word_1_353' title='bbox 491 4156 535 4165; x_wconf 91' lang='grc'>-</span> <span class='ocrx_word' id='word_1_354' title='bbox 552 4123 736 4184; x_wconf 85' lang='lat' dir='ltr'><strong>Antedictus</strong></span> <span class='ocrx_word' id='word_1_355' title='bbox 759 4123 913 4203; x_wconf 85' lang='lat' dir='ltr'><strong>Georgius</strong></span> <span class='ocrx_word' id='word_1_356' title='bbox 936 4122 1088 4184; x_wconf 90' lang='lat' dir='ltr'><strong>antedicto</strong></span> <span class='ocrx_word' id='word_1_357' title='bbox 1111 4123 1251 4185; x_wconf 90' lang='lat' dir='ltr'><strong>Guidoni</strong></span> <span class='ocrx_word' id='word_1_358' title='bbox 1276 4122 1446 4200; x_wconf 87' lang='lat' dir='ltr'><strong>confirmat,</strong></span> <span class='ocrx_word' id='word_1_359' title='bbox 1464 4140 1497 4185; x_wconf 89' lang='lat' dir='ltr'><strong>se</strong></span> 
     </span>
     <span class='ocr_line' id='line_1_41' title="bbox 191 4209 1497 4293; baseline -0.001 -21"><span class='ocrx_word' id='word_1_360' title='bbox 191 4209 251 4272; x_wconf 83' lang='lat' dir='ltr'><strong>XL</strong></span> <span class='ocrx_word' id='word_1_361' title='bbox 275 4211 423 4273; x_wconf 90' lang='lat' dir='ltr'><strong>bisantios</strong></span> <span class='ocrx_word' id='word_1_362' title='bbox 449 4210 648 4273; x_wconf 90' lang='lat' dir='ltr'><strong>Saracenatos</strong></span> <span class='ocrx_word' id='word_1_363' title='bbox 674 4212 836 4293; x_wconf 90' lang='lat' dir='ltr'><strong>accepisse,</strong></span> <span class='ocrx_word' id='word_1_364' title='bbox 852 4228 880 4273; x_wconf 94' lang='lat' dir='ltr'><strong>et</strong></span> <span class='ocrx_word' id='word_1_365' title='bbox 905 4213 1011 4273; x_wconf 92' lang='lat' dir='ltr'><strong>omnia</strong></span> <span class='ocrx_word' id='word_1_366' title='bbox 1038 4210 1103 4288; x_wconf 87' lang='lat' dir='ltr'><strong>jura</strong></span> <span class='ocrx_word' id='word_1_367' title='bbox 1119 4213 1273 4275; x_wconf 90' lang='lat' dir='ltr'><strong>renuntiat</strong></span> <span class='ocrx_word' id='word_1_368' title='bbox 1289 4212 1339 4282; x_wconf 89' lang='lat' dir='ltr'><strong>(D.</strong></span> <span class='ocrx_word' id='word_1_369' title='bbox 1355 4211 1436 4274; x_wconf 89' lang='lat' dir='ltr'><strong>Cart.</strong></span> <span class='ocrx_word' id='word_1_370' title='bbox 1452 4209 1497 4288; x_wconf 90' lang='lat' dir='ltr'><strong>lll,</strong></span> 
     </span>
     <span class='ocr_line' id='line_1_42' title="bbox 189 4293 1497 4382; baseline -0.002 -22"><span class='ocrx_word' id='word_1_371' title='bbox 189 4305 223 4382; x_wconf 88' lang='lat' dir='ltr'><strong>&#39;p.</strong></span> <span class='ocrx_word' id='word_1_372' title='bbox 240 4320 316 4379; x_wconf 85' lang='lat'><strong>417,</strong></span> <span class='ocrx_word' id='word_1_373' title='bbox 332 4299 391 4361; x_wconf 79' lang='lat' dir='ltr'><strong>No,</strong></span> <span class='ocrx_word' id='word_1_374' title='bbox 411 4303 509 4380; x_wconf 89' lang='grc'>5765;</span> <span class='ocrx_word' id='word_1_375' title='bbox 527 4299 642 4363; x_wconf 88' lang='lat' dir='ltr'><strong>lnvent.</strong></span> <span class='ocrx_word' id='word_1_376' title='bbox 658 4321 686 4382; x_wconf 92' lang='lat' dir='ltr'><strong>p.</strong></span> <span class='ocrx_word' id='word_1_377' title='bbox 710 4320 810 4381; x_wconf 85' lang='grc'>105-</span> <span class='ocrx_word' id='word_1_378' title='bbox 822 4302 889 4375; x_wconf 92' lang='grc'>106,</span> <span class='ocrx_word' id='word_1_379' title='bbox 905 4301 964 4363; x_wconf 91' lang='grc' dir='ltr'>Νο.</span> <span class='ocrx_word' id='word_1_380' title='bbox 983 4301 1065 4381; x_wconf 83' lang='grc'>575).</span> <span class='ocrx_word' id='word_1_381' title='bbox 1390 4293 1497 4360; x_wconf 66' lang='grc'>14391</span> 
     </span>
    </p>

    <p class='ocr_par' dir='ltr' id='par_1_15' title="bbox 193 4388 1497 4560">
     <span class='ocr_line' id='line_1_43' title="bbox 283 4388 1497 4472; baseline 0.001 -23"><span class='ocrx_word' id='word_1_382' title='bbox 283 4437 301 4465; x_wconf 93' lang='grc'><strong>,,</strong></span> <span class='ocrx_word' id='word_1_383' title='bbox 347 4388 429 4470; x_wconf 87' lang='lat' dir='ltr'><strong>Sept.</strong></span> <span class='ocrx_word' id='word_1_384' title='bbox 449 4410 499 4470; x_wconf 89' lang='grc'><strong>15.</strong></span> <span class='ocrx_word' id='word_1_385' title='bbox 516 4395 633 4451; x_wconf 85' lang='lat' dir='ltr'><strong>Accon.</strong></span> <span class='ocrx_word' id='word_1_386' title='bbox 649 4423 689 4434; x_wconf 89' lang='lat'><em>-</em></span> <span class='ocrx_word' id='word_1_387' title='bbox 708 4390 842 4471; x_wconf 83' lang='lat' dir='ltr'><strong>Epistola</strong></span> <span class='ocrx_word' id='word_1_388' title='bbox 858 4391 886 4451; x_wconf 93' lang='lat' dir='ltr'>N</span> <span class='ocrx_word' id='word_1_389' title='bbox 890 4390 977 4451; x_wconf 90' lang='lat' dir='ltr'><strong>icolai</strong></span> <span class='ocrx_word' id='word_1_390' title='bbox 994 4391 1022 4451; x_wconf 92' lang='lat' dir='ltr'><strong>le</strong></span> <span class='ocrx_word' id='word_1_391' title='bbox 1032 4391 1164 4470; x_wconf 86' lang='lat' dir='ltr'><strong>Lorgne,</strong></span> <span class='ocrx_word' id='word_1_392' title='bbox 1174 4390 1343 4472; x_wconf 90' lang='lat' dir='ltr'><strong>Hospitalis</strong></span> <span class='ocrx_word' id='word_1_393' title='bbox 1353 4389 1497 4469; x_wconf 81' lang='lat' dir='ltr'><strong>magistri,</strong></span> 
     </span>
     <span class='ocr_line' id='line_1_44' title="bbox 193 4476 1496 4560; baseline 0.001 -23"><span class='ocrx_word' id='word_1_394' title='bbox 193 4476 226 4538; x_wconf 92' lang='lat' dir='ltr'><strong>in</strong></span> <span class='ocrx_word' id='word_1_395' title='bbox 243 4478 280 4538; x_wconf 92' lang='lat' dir='ltr'><strong>D.</strong></span> <span class='ocrx_word' id='word_1_396' title='bbox 299 4478 379 4540; x_wconf 89' lang='lat' dir='ltr'><strong>Cart.</strong></span> <span class='ocrx_word' id='word_1_397' title='bbox 395 4478 443 4554; x_wconf 92' lang='lat' dir='ltr'><strong>lll,</strong></span> <span class='ocrx_word' id='word_1_398' title='bbox 458 4500 487 4560; x_wconf 92' lang='lat' dir='ltr'><strong>p.</strong></span> <span class='ocrx_word' id='word_1_399' title='bbox 504 4481 690 4557; x_wconf 85' lang='lat'><strong>417—418,</strong></span> <span class='ocrx_word' id='word_1_400' title='bbox 708 4480 768 4541; x_wconf 89' lang='lat' dir='ltr'><strong>No.</strong></span> <span class='ocrx_word' id='word_1_401' title='bbox 787 4481 881 4560; x_wconf 87' lang='grc'>5766.</span> <span class='ocrx_word' id='word_1_402' title='bbox 1407 4476 1496 4539; x_wconf 87' lang='grc'>1442</span> 
     </span>
    </p>
   </div>
   <div class='ocr_carea' id='block_1_12' title="bbox 193 4584 1497 4936">
    <p class='ocr_par' dir='ltr' id='par_1_16' title="bbox 193 4584 1497 4936">
     <span class='ocr_line' id='line_1_45' title="bbox 283 4584 1496 4666; baseline 0.002 -22"><span class='ocrx_word' id='word_1_403' title='bbox 283 4631 301 4661; x_wconf 92' lang='grc'><strong>,,</strong></span> <span class='ocrx_word' id='word_1_404' title='bbox 347 4584 474 4647; x_wconf 92' lang='lat' dir='ltr'><strong>Octobr.</strong></span> <span class='ocrx_word' id='word_1_405' title='bbox 494 4606 544 4666; x_wconf 84' lang='lat'><strong>3¹·</strong></span> <span class='ocrx_word' id='word_1_406' title='bbox 560 4619 604 4628; x_wconf 94' lang='lat'><em>-</em></span> <span class='ocrx_word' id='word_1_407' title='bbox 622 4586 774 4665; x_wconf 85' lang='lat' dir='ltr'><strong>Rogerius</strong></span> <span class='ocrx_word' id='word_1_408' title='bbox 790 4587 827 4646; x_wconf 93' lang='lat' dir='ltr'><strong>de</strong></span> <span class='ocrx_word' id='word_1_409' title='bbox 845 4585 906 4647; x_wconf 87' lang='lat' dir='ltr'><strong>San</strong></span> <span class='ocrx_word' id='word_1_410' title='bbox 923 4585 1079 4665; x_wconf 80' lang='lat' dir='ltr'><strong>Severino,</strong></span> <span class='ocrx_word' id='word_1_411' title='bbox 1102 4605 1206 4647; x_wconf 88' lang='lat' dir='ltr'><strong>comes</strong></span> <span class='ocrx_word' id='word_1_412' title='bbox 1228 4586 1267 4648; x_wconf 92' lang='lat' dir='ltr'><strong>de</strong></span> <span class='ocrx_word' id='word_1_413' title='bbox 1290 4585 1427 4665; x_wconf 89' lang='lat' dir='ltr'><strong>Marsica,</strong></span> <span class='ocrx_word' id='word_1_414' title='bbox 1444 4589 1496 4647; x_wconf 91' lang='lat' dir='ltr'><strong>ba-</strong></span> 
     </span>
     <span class='ocr_line' id='line_1_46' title="bbox 193 4671 1497 4760; baseline 0.002 -27"><span class='ocrx_word' id='word_1_415' title='bbox 193 4671 276 4748; x_wconf 82' lang='lat' dir='ltr'><strong>julus</strong></span> <span class='ocrx_word' id='word_1_416' title='bbox 293 4673 397 4735; x_wconf 89' lang='lat' dir='ltr'><strong>Caroli</strong></span> <span class='ocrx_word' id='word_1_417' title='bbox 414 4674 435 4745; x_wconf 91' lang='lat' dir='ltr'><strong>l,</strong></span> <span class='ocrx_word' id='word_1_418' title='bbox 454 4675 533 4755; x_wconf 87' lang='lat' dir='ltr'><strong>regis</strong></span> <span class='ocrx_word' id='word_1_419' title='bbox 549 4674 667 4736; x_wconf 87' lang='lat' dir='ltr'><strong>Siciliae</strong></span> <span class='ocrx_word' id='word_1_420' title='bbox 690 4690 719 4760; x_wconf 87' lang='lat' dir='ltr'><strong>et</strong></span> <span class='ocrx_word' id='word_1_421' title='bbox 741 4674 1026 4756; x_wconf 88' lang='lat' dir='ltr'><strong>Hierosolymitani,</strong></span> <span class='ocrx_word' id='word_1_422' title='bbox 1050 4676 1300 4754; x_wconf 87' lang='lat' dir='ltr'><strong>controversiam,</strong></span> <span class='ocrx_word' id='word_1_423' title='bbox 1324 4696 1404 4757; x_wconf 89' lang='lat' dir='ltr'><strong>quae</strong></span> <span class='ocrx_word' id='word_1_424' title='bbox 1420 4675 1497 4738; x_wconf 90' lang='lat' dir='ltr'><strong>inter</strong></span> 
     </span>
     <span class='ocr_line' id='line_1_47' title="bbox 194 4762 1496 4844; baseline 0.002 -21"><span class='ocrx_word' id='word_1_425' title='bbox 194 4762 362 4844; x_wconf 89' lang='lat' dir='ltr'><strong>Hospitalis</strong></span> <span class='ocrx_word' id='word_1_426' title='bbox 380 4763 484 4824; x_wconf 84' lang='lat' dir='ltr'><strong>fratres</strong></span> <span class='ocrx_word' id='word_1_427' title='bbox 501 4779 532 4824; x_wconf 92' lang='lat' dir='ltr'><strong>et</strong></span> <span class='ocrx_word' id='word_1_428' title='bbox 547 4764 674 4826; x_wconf 87' lang='lat' dir='ltr'><strong>Pisanos</strong></span> <span class='ocrx_word' id='word_1_429' title='bbox 691 4766 728 4825; x_wconf 92' lang='lat' dir='ltr'><strong>de</strong></span> <span class='ocrx_word' id='word_1_430' title='bbox 745 4765 954 4826; x_wconf 88' lang='lat' dir='ltr'><strong>custodiendis</strong></span> <span class='ocrx_word' id='word_1_431' title='bbox 969 4764 1111 4844; x_wconf 86' lang='lat' dir='ltr'><strong>tuguriis,</strong></span> <span class='ocrx_word' id='word_1_432' title='bbox 1121 4765 1218 4827; x_wconf 87' lang='lat' dir='ltr'><strong>muris</strong></span> <span class='ocrx_word' id='word_1_433' title='bbox 1228 4781 1257 4826; x_wconf 92' lang='lat' dir='ltr'><strong>et</strong></span> <span class='ocrx_word' id='word_1_434' title='bbox 1267 4766 1401 4827; x_wconf 87' lang='lat' dir='ltr'><strong>turribus</strong></span> <span class='ocrx_word' id='word_1_435' title='bbox 1412 4765 1496 4827; x_wconf 85' lang='lat' dir='ltr'><strong>urbis</strong></span> 
     </span>
     <span class='ocr_line' id='line_1_48' title="bbox 195 4853 1496 4936; baseline 0.002 -24"><span class='ocrx_word' id='word_1_436' title='bbox 195 4857 302 4914; x_wconf 87' lang='lat' dir='ltr'><strong>Accon</strong></span> <span class='ocrx_word' id='word_1_437' title='bbox 319 4875 335 4913; x_wconf 88' lang='lat' dir='ltr'><strong>a</strong></span> <span class='ocrx_word' id='word_1_438' title='bbox 352 4869 438 4933; x_wconf 90' lang='lat' dir='ltr'><strong>porta</strong></span> <span class='ocrx_word' id='word_1_439' title='bbox 456 4853 486 4915; x_wconf 88' lang='lat' dir='ltr'><strong>S.</strong></span> <span class='ocrx_word' id='word_1_440' title='bbox 502 4853 630 4914; x_wconf 87' lang='lat' dir='ltr'><strong>Antonii</strong></span> <span class='ocrx_word' id='word_1_441' title='bbox 657 4874 757 4934; x_wconf 90' lang='lat' dir='ltr'><strong>usque</strong></span> <span class='ocrx_word' id='word_1_442' title='bbox 783 4853 821 4915; x_wconf 91' lang='lat' dir='ltr'><strong>ad</strong></span> <span class='ocrx_word' id='word_1_443' title='bbox 847 4870 966 4935; x_wconf 89' lang='lat' dir='ltr'><strong>portam</strong></span> <span class='ocrx_word' id='word_1_444' title='bbox 992 4855 1030 4915; x_wconf 89' lang='lat' dir='ltr'><strong>de</strong></span> <span class='ocrx_word' id='word_1_445' title='bbox 1057 4855 1186 4936; x_wconf 88' lang='lat' dir='ltr'><strong>Maupas</strong></span> <span class='ocrx_word' id='word_1_446' title='bbox 1211 4853 1274 4916; x_wconf 88' lang='lat' dir='ltr'><strong>sitis</strong></span> <span class='ocrx_word' id='word_1_447' title='bbox 1298 4871 1401 4917; x_wconf 84' lang='lat' dir='ltr'><strong>exorta</strong></span> <span class='ocrx_word' id='word_1_448' title='bbox 1425 4868 1496 4927; x_wconf 82' lang='lat' dir='ltr'><strong>erat,</strong></span> 
     </span>
    </p>
   </div>
   <div class='ocr_carea' id='block_1_13' title="bbox 1284 4957 1317 5028">
    <p class='ocr_par' dir='ltr' id='par_1_17' title="bbox 1284 4957 1317 5028">
     <span class='ocr_line' id='line_1_49' title="bbox 1284 4957 1317 5028; baseline 0 -40"><span class='ocrx_word' id='word_1_449' title='bbox 1284 4957 1317 5028; x_wconf 59' lang='lat'><strong>7⁸</strong></span> 
     </span>
    </p>
   </div>
   <div class='ocr_carea' id='block_1_14' title="bbox 0 0 1704 5400">
    <p class='ocr_par' dir='ltr' id='par_1_18' title="bbox 0 0 1704 5400">
     <span class='ocr_line' id='line_1_50' title="bbox 0 0 1704 5400; baseline 0 0"><span class='ocrx_word' id='word_1_450' title='bbox 0 0 1704 5400; x_wconf 95' lang='lat' dir='ltr'><strong> </strong></span> 
     </span>
    </p>
   </div>
  </div>
 </body>
</html>
