3398 5400
264 363 305 442 38
829 357 1005 428 Regesta

325 583 415 645 1134
433 584 516 660 Mai,
535 586 597 647 ind.
613 586 677 647 Xll.
697 619 737 628 -
755 584 935 663 Gozelillus,
954 586 1059 666 magni
1076 585 1218 648 Gozelini
1235 584 1327 663 lilius,
1352 604 1457 646 comes
1473 585 1569 647 Edes-

262 694 367 752 sanus,
391 675 544 757 Hospitali
568 675 673 737 casalis
695 675 888 736 Turbascelli
912 675 1063 756 hospitale
1086 690 1116 736 et
1139 673 1297 736 ecclesiam
1322 675 1353 736 S.
1372 675 1507 736 Romani
1533 695 1570 736 ex

263 783 417 825 consensu
431 765 610 841 Franconis,
622 762 845 845 archiepiscopi
855 765 1080 845 Tuluppensis,
1092 784 1162 825 cum
1181 765 1377 846 appenditiis,
1394 784 1474 845 quae
1484 780 1570 845 pater

263 854 360 934 ipsius
376 854 479 915 eidem
495 851 648 934 Hospitali
666 854 791 914 dederat
807 869 836 914 et
852 853 1026 915 Balduinus
1042 854 1067 914 ll
1088 873 1140 915 rex
1157 870 1358 932 concesserat,
1375 852 1477 934 sigillo
1494 872 1570 914 con-

263 941 374 1003 firmat.
400 943 530 1004 Factum
546 958 576 1003 et
593 961 777 1004 concessum
793 957 838 1003 est
855 963 909 1023 per
925 962 1056 1004 manum
1073 942 1210 1020 Oelardi,
1237 943 1407 1024 praedictae
1425 942 1570 1004 ecclesiae

263 1046 292 1092 et
309 1051 483 1112 pauperum
501 1030 670 1112 Hospitalis
688 1031 795 1092 fratris.
819 1032 980 1094 Mathaeus
997 1031 1221 1113 Tuluppensis,
1247 1033 1387 1093 Herveus
1403 1034 1570 1093 constabu-

262 1119 366 1197 larius,
379 1121 605 1183 Constantinus
615 1121 790 1194 Bastardus,
803 1121 958 1200 Barrigan,
975 1121 1089 1183 Corizii
1106 1121 1265 1198 dominus,
1283 1123 1397 1197 Benzo,
1416 1121 1571 1183 Robertus

263 1211 300 1270 de
326 1209 524 1286 Ravandella,
550 1211 714 1284 Martinus,
739 1209 923 1271 castellanus
947 1209 1150 1288 Turbascelli,
1175 1211 1372 1288 lsimbardus,
1408 1210 1571 1271 Americus

263 1298 408 1377 Areville,
431 1300 567 1361 Maimus
589 1301 674 1377 Jove,
698 1298 876 1377 Tezelinus,
901 1301 1054 1361 Berardus
1078 1298 1172 1376 (Paoli
1190 1301 1211 1373 l,
1235 1320 1265 1381 p.
1290 1302 1336 1375 16,
1361 1301 1421 1361 Νο.
1447 1319 1499 1380 15;
1532 1299 1569 1360 cf.

263 1388 396 1470 1411)·
1505 1386 1567 1447 ¹⁵¹

351 1557 371 1587 „
417 1557 425 1588 ,
443 1511 507 1573 ind.
524 1511 589 1573 XII.
607 1546 648 1554 -
665 1510 845 1573 Willelmus
860 1512 881 1585 l,
898 1512 1067 1593 patriarcha
1084 1512 1397 1594 Hierosolymitanus,
1415 1511 1522 1574 locum
1539 1514 1569 1574 S.

263 1599 484 1676 Quarantenae
501 1601 660 1662 canonicis
677 1601 707 1661 S.
724 1601 887 1682 Sepulchri
904 1602 1009 1676 donat,
1027 1601 1081 1681 qui
1100 1601 1196 1682 ipsius
1213 1622 1247 1662 ac
1264 1602 1342 1663 Petri
1360 1602 1470 1682 prioris
1495 1622 1565 1664 con-

263 1690 333 1751 silio
357 1710 460 1751 unum
484 1692 521 1752 de
546 1689 751 1752 confratribus
775 1691 963 1752 Raiualdum
988 1689 1028 1750 ibi
1054 1690 1188 1771 priorem
1218 1691 1434 1768 instituerunt,
1459 1707 1488 1752 et
1511 1712 1571 1753 suo

263 1795 355 1859 atque
367 1779 590 1841 canonicorum
609 1779 639 1840 S.
652 1778 815 1860 Sepulchri
832 1780 934 1860 sigillo
949 1779 1122 1841 confirmat.
1140 1813 1184 1823 -
1202 1781 1242 1840 W
1246 1780 1380 1843 illelmus
1392 1781 1570 1861 patriarcha,

263 1869 371 1929 Petrus
395 1869 490 1949 prior,
517 1870 625 1931 Petrus
649 1869 805 1950 subprior,
832 1869 1028 1946 Gillebertus,
1054 1868 1223 1930 Anselmus
1248 1885 1438 1950 praecentor,
1463 1871 1571 1931 Petrus

263 1958 422 2035 Bernardi,
439 1957 600 2021 Gofftidus
611 1958 830 2038 thesaurarius,
843 1959 866 2020 F
870 1957 1036 2035 ulcherius,
1049 1958 1193 2038 magister
1205 1960 1369 2032 Robertus,
1379 1958 1570 2033 Willelmus,

264 2046 418 2108 Oshertus
429 2047 612 2125 (Osbertus),
624 2047 828 2125 Haimericus,
840 2048 1025 2122 Balduinus;
1044 2048 1082 2108 de
1093 2048 1246 2110 diaconis:
1260 2047 1421 2124 Valterius,
1435 2050 1570 2129 Moyses,

264 2136 429 2215 Rogerius,
442 2138 560 2214 Petrus,
572 2135 736 2216 Geraldus,
747 2137 802 2218 qui
813 2139 949 2199 chartam
965 2137 1101 2217 scripsit;
1119 2138 1157 2199 de
1174 2139 1388 2200 subdiaconis:
1407 2137 1571 2212 Geraldus,

263 2226 372 2287 Petrus
387 2225 568 2298 Clementis,
584 2227 753 2308 Eurardus,
764 2227 930 2290 Gervasius
948 2225 1098 2303 (Roziere,
1110 2246 1140 2307 p.
1154 2247 1292 2306 50—52,
1304 2228 1365 2288 No.
1377 2247 1433 2303 27;
1454 2228 1571 2306 Migne,

264 2334 293 2395 p.
318 2335 543 2394 1119-1110,
561 2316 621 2376 No.
642 2315 702 2393 27).
1506 2314 1572 2376 152

308 2437 319 2516 (
366 2483 385 2514 „
431 2437 750 2517 ).—B(alduinus),¹)
768 2437 938 2515 (Guillelmi
950 2439 981 2515 l),
994 2440 1182 2520 patriarchae
1193 2439 1480 2522 Hierosolymitani,
1499 2460 1572 2502 can-

264 2526 861 2607 111111111111111111111111)1111111111)
885 2548 902 2587 a
925 2527 1014 2610 Sylro
1035 2529 1081 2607 ll),
1105 2530 1338 2611 archiepiscopo
1361 2529 1519 2608 Januensi,
1543 2546 1573 2591 et

264 2615 405 2694 ejusdem
423 2617 551 2678 civitatis
568 2616 750 2679 consulibus
774 2631 894 2697 petunt,
920 2638 958 2679 ne
979 2619 1119 2680 inducias
1135 2640 1152 2679 a
1169 2618 1286 2680 Pisanis
1309 2617 1427 2680 oblatas
1450 2635 1573 2681 servent

264 2705 366 2783 (Liber
380 2702 438 2785 jur.
450 2706 472 2785 l,
488 2726 517 2787 p.
527 2727 580 2787 45,
590 2708 715 2787 No.35;
727 2705 1005 2786 Giomaleligust.
1020 2709 1112 2787 1884,
1122 2729 1151 2789 p.
1163 2728 1236 2788 349,
1246 2709 1307 2769 No.
1316 2727 1348 2788 33
1361 2708 1398 2770 cf.
1405 2728 1435 2789 p.
1444 2709 1483 2787 9).
1506 2706 1572 2767 153

339 2818 359 2885 ¹)
380 2815 436 2885 Qui
449 2815 615 2888 saepissime
628 2816 657 2872 in
670 2815 774 2898 chartis
788 2815 894 2871 nostris
908 2829 1093 2872 memoratur.

326 2933 416 2996 1135
434 2939 523 2999 Mart.
547 2959 594 3017 15,
620 2937 684 2999 ind.
701 2937 765 2999 Xll.
792 2972 834 2982 -
857 2939 1033 3000 Bernardus
1057 2959 1213 3001 consensu
1239 2939 1343 3000 uxoris
1367 2939 1521 3017 Haolilsae
1543 2956 1572 3001 et

185 3023 187 3027 ’
263 3026 416 3088 Willelmi
441 3027 628 3108 patriarchae
655 3028 755 3104 Petr0,
783 3027 877 3108 priori
904 3028 934 3089 S.
960 3028 1133 3109 Sepulchri,
1160 3029 1259 3110 pretio
1285 3028 1341 3090 CC
1367 3029 1572 3090 bisantiorum

263 3116 396 3177 domum
420 3135 510 3177 suam
532 3116 611 3177 intra
637 3136 744 3178 mutos
766 3118 851 3178 urbis
866 3117 1034 3178 Jerusalem
1052 3118 1140 3178 sitam
1158 3118 1273 3194 vendit,
1299 3117 1349 3179 cui
1365 3117 1482 3179 vicinae
1498 3135 1573 3179 sunt

264 3205 378 3267 domus
395 3206 618 3266 canonicorum
636 3205 667 3266 S.
679 3206 853 3287 Sepulchri,
871 3226 950 3287 quae
969 3206 1026 3267 fuit
1037 3206 1186 3268 Willelmi
1204 3206 1427 3287 drugomanui,
1445 3207 1571 3269 ecclesia

264 3293 294 3355 S.
316 3295 446 3373 Karitot,
470 3295 520 3356 via
543 3295 665 3376 publica
689 3311 718 3356 et
741 3296 856 3356 domus
878 3296 1051 3357 Theodori.
1078 3329 1118 3338 —
1142 3295 1309 3377 Seyb'ertus
1332 3294 1442 3374 judex,
1464 3297 1573 3358 Petrus

264 3383 370 3462 Faber,
387 3385 558 3462 Tustanus,
576 3384 726 3445 Sinatdus
749 3383 927 3463 (Sivardus),
952 3385 1059 3446 Petrus
1083 3385 1120 3445 de
1144 3385 1317 3464 Petragora,
1342 3387 1520 3447 Bernardus
1543 3402 1573 3447 et

264 3472 372 3551 Fulco,
384 3493 497 3535 omnes
512 3474 560 3534 isti
576 3473 731 3547 aurifabri,
744 3473 950 3535 Ruhelandus
960 3475 1058 3534 Bruto
1069 3473 1196 3550 (Brittol.
1215 3473 1370 3555 Scriptum
1381 3477 1418 3535 ab
1429 3475 1572 3536 Johanne

264 3563 459 3624 subdiacono
476 3563 628 3641 (Roziere,
646 3582 675 3642 p.
700 3564 881 3635 ror-162,
899 3564 959 3624 No.
979 3564 1037 3637 823
1055 3563 1172 3642 Migne,
1191 3584 1220 3644 p.
1239 3585 1330 3641 1179,
1348 3565 1407 3626 No.
1422 3565 1484 3642 82).
1506 3562 1573 3623 154

353 3731 370 3762 ,,
417 3686 516 3767 April.
530 3706 580 3766 30,
598 3685 661 3747 ind.
672 3685 749 3764 Xlll,
767 3702 863 3766 epact.
875 3687 926 3748 lV.
943 3720 986 3729 —
1002 3688 1147 3764 Joannes,
1159 3687 1279 3768 primus
1290 3687 1472 3748 Latinorum
1491 3689 1572 3769 epis-

263 3793 361 3855 copus
384 3774 623 3852 Tholomaidae,
647 3793 775 3836 omnem
796 3775 1035 3836 decimationem
1053 3777 1233 3837 reddituum
1251 3777 1283 3836 in
1300 3776 1414 3837 diocesi
1431 3798 1487 3838 sua
1504 3777 1571 3838 col-

264 3863 474 3942 ligendorum,
499 3883 580 3945 quos
603 3865 751 3945 episcopo
775 3879 804 3924 et
827 3864 954 3925 Sanctae
979 3864 1089 3926 Crucis
1112 3865 1255 3926 ecclesiae
1289 3867 1463 3926 Acconensi
1494 3867 1572 3927 solvi

263 3971 344 4033 opus
367 3954 414 4030 sit,
439 3954 592 4034 Hospitali
617 3953 744 4014 remittit
766 3969 796 4014 et
819 3953 920 4032 sigillo
943 3953 1115 4031 confirmat,
1141 3955 1309 4035 Hospitalis
1334 3954 1439 4015 fratres
1462 3956 1518 4016 sibi
1543 3971 1572 4016 et

262 4043 493 4105 successoribus
515 4043 669 4104 remittere
687 4042 846 4123 querelam
863 4043 900 4103 de
918 4059 1006 4123 porta
1022 4043 1166 4105 ecclesiae
1190 4043 1220 4105 S.
1238 4044 1347 4105 Crucis
1364 4045 1515 4125 superiori
1534 4047 1572 4105 ab

263 4132 411 4212 aquilone
435 4133 548 4193 scilicet
571 4133 602 4193 in
627 4133 697 4192 1010
721 4129 884 4210 cujusdam
909 4133 1024 4193 domus
1048 4134 1221 4194 eorundem
1248 4133 1376 4194 fratrum
1402 4133 1570 4195 1111111111.

264 4220 394 4282 Factum
410 4221 549 4284 Falcone
572 4241 654 4300 rege,
675 4221 846 4283 Guillelmo
870 4222 1050 4302 patriarcha.
1068 4256 1111 4264 —
1127 4223 1272 4298 Joannes,
1290 4223 1455 4303 episcopus
1472 4229 1572 4284 Acco·

264 4311 379 4391 nensis,
397 4311 577 4374 Gualterius
597 4311 778 4385 canonicus,
795 4310 930 4372 loannes
948 4312 1121 4381 Romanus,
1141 4311 1229 4372 frater
1245 4312 1389 4372 ecclesiae
1408 4312 1438 4372 S.
1450 4312 1571 4390 Crucis,

264 4399 360 4479 Hugo
376 4416 405 4461 et
429 4400 593 4479 Radulfus,
619 4400 722 4461 fratres
746 4398 886 4478 ejusdem
910 4401 1063 4476 ecclesiae,
1086 4400 1256 4463 Gaufridus
1280 4401 1317 4462 de
1342 4400 1443 4461 Aunis
1468 4401 1571 4482 capel-

262 4489 363 4565 lanus,
382 4489 541 4552 Guarinus
558 4491 596 4551 de
612 4488 809 4568 Torguolant
825 4489 1006 4560 vicecomes,
1024 4491 1201 4551 Bernardus
1219 4491 1414 4564 camerarius,
1436 4491 1571 4552 Mainar-

263 4578 323 4639 dus
339 4580 377 4640 de
394 4580 498 4657 Portu,
516 4578 664 4640 Nicolaus
681 4579 718 4639 de
729 4579 842 4654 Trana,
860 4579 990 4640 Pontius
1007 4580 1045 4640 de
1064 4581 1175 4656 Rubia,
1193 4580 1336 4657 Doretus‚
1354 4578 1463 4657 Fulc0,
1482 4579 1573 4640 frater

263 4664 330 4746 ejus
347 4666 443 4744 (Paoli
460 4669 482 4746 1,
500 4687 529 4748 p.
554 4688 600 4737 17,
618 4669 679 4729 Νο.
703 4668 756 4742 16;
782 4666 819 4727 cf.
838 4687 866 4747 p.
885 4669 971 4747 474).
1505 4666 1572 4726 155

352 4840 371 4869 ,,
417 4795 488 4855 Jun.
509 4813 559 4872 29,
584 4793 649 4854 ind.
667 4792 744 4853 Xlll.
769 4825 813 4835 —
837 4793 1012 4854 Willelmus
1029 4794 1051 4867 Ι,
1071 4793 1239 4874 patriarcha
1256 4792 1571 4874 Hierosolymitanus,

263 4898 293 4943 et
309 4883 427 4963 Petrus,
452 4883 538 4964 prior
554 4881 584 4945 S.
603 4881 777 4964 Sepulchri,
803 4882 939 4964 Rogerio
957 4883 994 4943 de
1018 4883 1046 4943 S.
1068 4883 1182 4943 Lazaro
1200 4880 1329 4962 ejusque
1347 4883 1436 4943 uxori
1457 4883 1572 4944 Mariae
