3398 5400
666 345 747 420 regni
759 344 1021 420 Hierosolymitani
1282 429 1285 433 ι
1435 371 1495 435 373

191 569 336 737 horpirgps
359 569 424 651 ligii
447 569 541 644 (Paoli
559 570 580 649 Ι,
604 590 635 653 p.
658 571 852 649 198-200,
877 571 935 630 No.
961 587 1036 648 ¹553
1069 568 1108 630 cf.
1130 567 1204 630 Lois
1228 565 1286 648 [ed.
1304 566 1498 717 Beugfflk

193 679 223 740 p.
264 680 284 721 o
320 706 327 720 .

241 772 331 835 1279
349 776 437 836 Febr.
457 795 508 854 24,
531 776 594 838 ind.
612 776 674 838 Vll.
700 775 807 858 Ayacii
825 775 856 836 in
872 776 971 836 domo
987 772 1116 854 Ugolini
1132 773 1271 836 censarii.
1288 807 1332 818 —
1348 772 1498 837 Vivaldus

192 865 231 925 de
249 864 381 940 Quinto,
399 865 551 927 habitator
566 865 696 944 Barruti‚
717 880 901 928 testamento
917 882 975 925 suo
991 863 1073 924 varia
1090 863 1260 944 disponens
1276 862 1449 943 confirmat,
1466 885 1498 925 se

191 954 224 1015 in
241 953 403 1016 communi
419 955 538 1016 tatione
554 954 681 1016 loannis
698 955 841 1017 Sclavoni
860 955 897 1015 de
914 953 1055 1032 Clavaro,
1073 952 1251 1014 habitatoris
1267 953 1382 1029 Baruti‚
1397 971 1498 1034 quan-

192 1044 263 1104 dam
285 1063 440 1105 summam
458 1045 569 1105 habere
595 1061 623 1106 et
645 1045 759 1106 Jacobo
781 1044 942 1123 Zignaigo,
966 1042 1128 1104 habitatori
1146 1043 1260 1120 Baruti,
1277 1043 1335 1105 XV
1351 1042 1498 1104 bisantios

191 1148 398 1195 sarracenatos
409 1134 519 1195 debere
535 1134 693 1210 (Archives
703 1135 741 1195 de
753 1134 885 1195 l‘Orient
895 1132 969 1193 latin
980 1132 1001 1210 l,
1013 1151 1042 1213 p.
1054 1133 1160 1212 498—
1169 1151 1240 1211 500,
1251 1133 1312 1193 No.
1331 1154 1339 1193 r
1352 1132 1387 1210 r).
1409 1129 1499 1190 1426

276 1285 294 1316 ,,
342 1241 430 1302 Mart.
451 1260 479 1316 2,
504 1240 568 1302 ind.
587 1241 648 1304 Vll.
672 1241 788 1322 Ayacii.
806 1275 848 1284 -
866 1241 1024 1301 lohannes
1047 1239 1219 1300 Sclavonus
1235 1239 1274 1299 de
1291 1238 1398 1300 Biruto
1421 1257 1497 1300 con-

193 1327 303 1407 firmat,
320 1349 352 1390 se
369 1351 385 1390 a
401 1330 545 1391 Johanne
562 1331 600 1391 de
617 1331 747 1411 Rapallo
770 1330 807 1391 de
831 1329 966 1390 Risecho
989 1329 1148 1409 quandam
1170 1347 1326 1389 summam
1350 1328 1498 1408 pecuniae

192 1419 344 1499 accepisse
361 1418 519 1495 (Archives
536 1421 574 1480 de
591 1419 723 1480 l’Orient
740 1420 814 1480 latin
831 1420 852 1497 Ι,
870 1439 900 1501 p.
922 1439 991 1500 503,
1009 1419 1069 1480 No.
1093 1417 1150 1493 17).
1409 1414 1497 1476 1427

275 1571 294 1601 ,,
342 1528 431 1587 Mart.
443 1547 492 1604 24,
502 1527 631 1588 ind.Vll.
643 1527 748 1608 Ayacii
761 1527 793 1588 in
803 1527 884 1605 logia
895 1526 1109 1587 Januensium.
1120 1559 1164 1568 —
1175 1525 1322 1605 Paponus
1333 1523 1499 1602 Mallouus,

192 1616 372 1677 Bonilacius
398 1616 436 1676 de
458 1616 548 1695 Tiba,
572 1617 703 1677 Enricus
726 1618 764 1677 de
788 1614 968 1679 Grimaldus
993 1613 1123 1695 ejusque
1150 1614 1239 1675 frater
1264 1628 1293 1674 et
1318 1629 1500 1695 procurator

192 1706 352 1766 Luchetus
368 1705 557 1786 quibusdam
573 1706 782 1767 Januensibus
806 1725 916 1766 navem
933 1704 1112 1785 Hospitalis,
1130 1723 1210 1784 quae
1227 1719 1353 1764 vocatur
1369 1702 1499 1764 Sanctus

193 1794 344 1872 Andreas,
367 1796 498 1856 lanuam
522 1794 722 1876 appulsuram
747 1796 902 1857 naulizant
924 1794 1015 1855 titulo
1039 1792 1276 1855 naulizatitionis
1293 1793 1499 1853 concedentes

192 1899 222 1945 et
239 1900 363 1964 pactum
379 1884 459 1945 inter
475 1884 560 1966 ipsos
576 1904 610 1945 ac
626 1885 823 1946 Bonifacium
843 1885 881 1945 de
899 1883 1154 1963 Calamandrana,
1178 1901 1328 1961 magnum
1354 1901 1498 1963 praecep-

193 1989 292 2034 torem
317 1974 494 2056 Hospitalis,
519 1975 556 2035 de
582 1975 755 2036 recessione
779 1974 876 2036 dictae
899 1974 985 2035 navis
1010 1973 1123 2035 facturn
1147 1988 1265 2033 cassant
1285 1971 1444 2047 (Archives
1460 1972 1498 2032 de

192 2062 325 2124 l'Orient
341 2062 414 2124 latin
431 2063 452 2139 Ι,
471 2083 501 2146 p.
522 2084 706 2144 511—512,
724 2065 784 2126 No.
805 2064 865 2144 32).
1409 2057 1499 2119 1428

276 2216 294 2246 ,,
342 2170 413 2249 Maj.
445 2172 666 2248 10‚ind.Vll.
708 2171 819 2233 Birruti
846 2171 878 2233 in
903 2170 985 2250 logia
1011 2170 1226 2231 Januensium.
1253 2203 1296 2211 —
1321 2169 1435 2230 Pucius
1461 2169 1498 2230 de

193 2261 365 2323 Ponzanuo
391 2262 519 2323 Pisanus
543 2278 571 2322 et
593 2263 702 2323 Petrus
725 2263 763 2323 de
786 2263 932 2341 Bargono
955 2260 1095 2322 notarius
1119 2260 1150 2320 in
1174 2258 1303 2321 nomine
1328 2258 1454 2339 proprio
1471 2275 1499 2319 et

193 2350 345 2411 iohannis
357 2351 395 2410 de
408 2350 541 2431 Rapallo'
554 2368 582 2412 et
599 2352 702 2413 Boche
724 2352 836 2431 Pisani,
854 2349 1019 2430 Nocellini,
1037 2347 1232 2426 confirmant,
1249 2368 1281 2409 se
1297 2347 1379 2409 XLII
1395 2347 1498 2408 bisan-

193 2439 253 2500 tios
270 2439 474 2501 Sarracinales
490 2461 506 2500 a
523 2440 681 2503 Gabriello
698 2442 735 2502 de
753 2441 883 2522 Rapallo
898 2440 936 2501 de
947 2440 1082 2500 Risecho
1092 2439 1254 2519 accepisse.
1266 2470 1308 2481 —
1320 2436 1499 2499 Grimaldus

194 2528 232 2589 de
249 2528 390 2608 Clavaro,
414 2529 562 2590 Nicolaus
579 2531 616 2591 de
633 2531 773 2606 Claram,
798 2530 919 2611 Symon
936 2530 974 2590 de
991 2528 1022 2590 S.
1040 2529 1175 2607 Donato,
1199 2526 1399 2590 Guillielmus
1414 2526 1499 2587 Birria

193 2617 325 2784 {pinguls}
348 2634 377 2679 et
399 2619 556 2681 lohannes
580 2620 618 2680 de
644 2620 826 2700 Magdalena
850 2619 1008 2696 (Archives
1031 2619 1070 2679 de
1088 2617 1221 2679 l'Orient
1237 2615 1312 2676 latin
1329 2616 1350 2696 Ι,
1375 2617 1500 2764 μῶὁθ,

225 2727 254 2769 ο.
301 2729 309 2768 t
329 2755 335 2769 .

276 2859 294 2891 ,‚
341 2819 423 2893 Aug.
443 2835 472 2892 2,
489 2814 553 2877 ind.
564 2816 626 2878 Vll.
644 2816 756 2877 Birruti
774 2816 805 2877 in
822 2816 903 2896 logia
914 2814 1128 2877 Januensium.
1145 2847 1189 2858 -
1204 2815 1395 2893 Benvenuta,
1406 2813 1499 2876 vidua

197 2903 316 2965 Vivaldi
334 2905 372 2965 de
390 2903 523 2986 Quinto,
548 2905 727 2967 habitatoris
751 2905 946 2982 Birrutensis,
970 2924 1002 2965 se
1025 2906 1062 2965 ab
1086 2905 1227 2965 Johanne
1251 2904 1290 2964 de
1313 2903 1444 2985 Rapallo
1460 2904 1498 2965 de

194 2993 340 3069 Risech0,
352 2992 639 3056 fideicommissario
651 2997 808 3056 bonorum
819 2995 890 3056 dicti
902 2994 1032 3071 Vivaldi,
1044 2993 1082 3054 de
1093 2991 1232 3071 ejusdem
1249 2993 1341 3054 bonis
1357 3013 1391 3053 ac
1407 2994 1500 3055 rebus

194 3082 411 3144 relictisXXXl
420 3084 569 3145 bisantios
577 3101 606 3145 et
616 3084 782 3146 dimidium
793 3085 954 3165 accepisse,
962 3102 1066 3145 coram
1074 3082 1256 3146 Guillielmo
1265 3081 1349 3144 Birria
1360 3081 1500 3164 Spinula,

194 3173 324 3234 consule
340 3173 543 3234 Januensium
562 3174 799 3252 Birrutensium,
817 3175 988 3236 confirmat.
1000 3206 1044 3216 —
1055 3172 1199 3251 Magister
1214 3172 1379 3251 Jordanus,
1395 3172 1499 3233 theso-

194 3261 292 3322 rerius
315 3261 348 3322 in
371 3261 489 3340 Biruto,
512 3264 644 3325 lacobus
667 3264 705 3325 de
729 3263 887 3344 Sigratico,
911 3263 1002 3324 Rahu
1024 3262 1062 3323 de
1079 3262 1229 3323 Beltrame
1246 3277 1276 3323 et
1291 3261 1498 3340 Berogninus,

194 3351 364 3518 ἓεεεέτξυε
387 3353 566 3414 communis
588 3354 703 3415 Januae
728 3354 886 3430 (Archives
903 3354 941 3414 de
962 3350 1094 3413 l'Orient
1114 3351 1189 3413 latin
1206 3351 1227 3430 Ι,
1252 3371 1281 3433 p.
1303 3352 1500 3499 526-ὶὶἒῖ

226 3460 255 3501 ο.
298 3460 337 3502 2.

277 3584 296 3615 „
343 3543 424 3619 Aug.
439 3560 467 3619 2,
479 3540 609 3604 iud.Vll.
626 3541 724 3603 Biruti
736 3541 768 3603 in
779 3541 860 3620 logia
871 3540 1085 3603 Januensium.
1096 3541 1282 3601 -Jacobus
1292 3540 1331 3600 de
1342 3538 1500 3620 Sigratico,

194 3649 227 3689 se
243 3629 280 3688 ab
291 3629 432 3690 Johanne
449 3630 487 3690 de
505 3630 634 3711 Rapallo
651 3631 689 3692 de
707 3631 851 3708 Risecho,
863 3629 1150 3692 fideicommissario
1166 3632 1325 3691 bonorum
1341 3628 1499 3689 aVivaldo

195 3719 233 3779 de
251 3717 409 3792 Quintino
425 3719 579 3780 Birutensi
600 3719 789 3797 relictorum,
813 3721 870 3781 XV
887 3720 1045 3798 bisantios,
1062 3739 1143 3800 quos
1159 3719 1259 3780 dictus
1276 3717 1425 3781 Vivaldus
1442 3717 1499 3798 ipsi

195 3807 334 3885 debebat,
351 3826 456 3869 coram
472 3808 663 3887 Benvenuta,
681 3810 774 3872 vidua
784 3809 915 3888 Vivaldi,
932 3827 961 3870 et
978 3808 1160 3871 Guillielmo
1176 3807 1260 3869 Birria
1271 3807 1411 3889 Spinula,
1423 3825 1499 3868 con-

194 3896 261 3957 sule
277 3897 481 3959 Januensium
500 3898 720 3975 Birutensium,
738 3899 899 3982 accepisse,
922 3898 1093 3960 coufirmat.
1110 3932 1154 3941 -
1171 3897 1316 3977 Magister
1334 3896 1499 3971 Jordanus,

194 3986 383 4047 thesorerius
400 3987 432 4047 in
448 3988 566 4067 Birnto,
585 3988 676 4049 Rahu
693 3990 731 4049 de
747 3988 899 4050 Beltrame
910 4004 939 4050 et
949 3988 1145 4066 Berogninus
1156 3987 1325 4069 placearius
1341 3985 1500 4063 (Archives

195 4075 233 4136 de
250 4074 384 4136 l'Orient
399 4076 474 4137 latin
491 4077 512 4153 Ι,
530 4096 559 4158 p.
580 4098 651 4157 527.
671 4079 730 4140 No.
749 4079 811 4158 63).
1410 4071 1495 4135 1431

278 4227 296 4258 ,,
343 4182 428 4264 Sept.
460 4205 505 4263 15·
540 4190 656 4246 Accou.
682 4219 726 4228 —
751 4186 907 4248 Robertus
932 4185 969 4246 de
996 4183 1144 4248 Cardolio
1170 4202 1331 4246 unacum
1357 4182 1499 4246 fratribus

196 4271 364 4352 Hospitalis
387 4287 416 4333 et
439 4273 581 4335 ecclesiae
606 4273 637 4335 S.
654 4274 797 4336 Thomae
821 4275 1012 4337 Acconensis
1034 4275 1193 4351 E(duardo
1215 4274 1246 4352 Ι),
1270 4272 1334 4352 regi
1358 4273 1499 4353 Angliae,

194 4360 306 4440 gratias
329 4361 391 4438 agit
407 4362 445 4422 de
462 4363 589 4442 epistola
613 4359 872 4449 consolatoriaJJet
894 4364 1008 4426 auxilio
1033 4364 1187 4446 promisso
1203 4383 1237 4424 ac
1254 4362 1338 4444 petit,
1363 4378 1406 4440 ut,
1427 4381 1499 4423 cum

195 4466 273 4510 terra
284 4450 379 4531 Cypri
390 4468 419 4512 et
430 4450 535 4532 Syriae
547 4453 584 4513 de
603 4451 751 4515 fructibus
766 4453 988 4535 temporalibus
1005 4453 1172 4514 infecunda
1183 4451 1386 4533 permanserit
1396 4470 1498 4531 neque

196 4539 288 4619 igitur
306 4538 432 4601 ecclesia
449 4541 480 4602 S.
497 4541 640 4603 Thomae
657 4543 711 4604 diu
728 4543 848 4624 incepta
866 4543 1002 4604 fabricari
1020 4542 1164 4624 potuerit,
1183 4558 1216 4603 ut
1232 4541 1305 4603 huic
1322 4541 1408 4622 operi
1425 4559 1498 4620 por-

195 4628 272 4710 rigat
302 4648 433 4692 manum
463 4630 643 4711 adjutricem
669 4648 698 4694 et
723 4632 903 4711 magistrum
929 4633 1043 4694 domus
1075 4631 1129 4693 diu
1159 4633 1318 4693 absentem
1349 4629 1497 4705 remittat;

196 4715 488 4804 deniqueffiuuntiat,
513 4714 759 4805 intersscomitem
776 4721 1006 4802 Tripolitanum
1031 4736 1060 4782 et
1076 4719 1188 4805 {fratres
1203 4720 1330 4802 Templi
1354 4737 1498 4797 magnam

194 4826 340 4887 guerram
350 4811 473 4889 versari,
483 4811 563 4872 inter
579 4810 762 4873 Sarracenos
779 4826 894 4872 tantam
910 4811 1107 4889 discordiam,
1123 4825 1158 4871 ut
1175 4810 1259 4893 ipsos
1276 4810 1397 4871 vincere
1416 4806 1499 4868 lacil-

194 4899 308 4961 limum
325 4920 391 4962 esse
407 4900 547 4963 videatur
563 4900 620 4977 (De
638 4902 704 4963 Mas
720 4901 830 4982 Latrie,
847 4900 927 4964 Hist.
939 4901 974 4982 ll,
990 4921 1021 4984 p.
1037 4901 1187 4983 82—83).
1408 4892 1498 4958 1432
