3398 5400
595 345 675 421 regni
688 338 948 421 Hierosolymitani.
1358 366 1374 414 2
1381 367 1419 432 57

120 569 314 632 Venetorum
330 568 536 649 Cretensium,
560 570 644 631 dedit
668 588 732 650 quo
749 570 886 630 Venetos
901 569 934 630 in
951 567 1037 650 Syria
1053 583 1282 630 commorantes
1298 567 1422 629 instanti

120 659 222 720 hieme
238 660 371 721 domum
387 658 486 720 redire
503 674 532 720 et
548 674 708 741 praecepta
724 679 741 719 a
758 659 845 740 papis
861 678 952 740 saepe
968 658 1048 719 edita
1064 657 1230 738 respiciens
1238 672 1423 718 mercatores

120 753 299 829 Aegyptum
315 748 495 829 lignamina,
508 748 635 826 ferrum,
647 749 747 831 picem
763 748 811 809 vel
827 747 884 808 alia
900 747 1037 808 subsidia
1052 747 1158 808 bellica
1174 762 1329 828 asportare
1343 760 1424 807 vetat

119 837 375 914 (Tafel-Thomas
391 837 426 914 ll,
443 857 472 918 p.
491 839 675 919 261-264,
693 839 754 898 Nn.
768 857 825 903 271
840 857 847 912 3
865 837 903 898 cf.
922 857 950 918 p.
965 838 1043 911 260;
1062 837 1153 918 lleyd
1170 836 1191 916 l,
1209 857 1239 918 p.
1250 837 1335 916 406).
1353 833 1423 894 976

201 989 220 1021 ,,
268 945 355 1006 Μ1111.
378 978 420 988 -
444 946 601 1006 lohannes
626 945 665 1006 de
691 943 849 1021 Hibelino,
876 943 1025 1004 dominus
1040 943 1159 1024 Berriti,
1185 943 1317 1020 donum,
1335 942 1422 1022 quod

119 1033 291 1110 Glalterius)
303 1034 486 1111 Brisebarre,
498 1034 660 1114 quondam
672 1033 779 1095 Berriti
790 1033 939 1095 dominus
947 1033 980 1110 ¹),
991 1032 1122 1114 leprosis
1133 1033 1162 1094 S.
1175 1032 1279 1093 Lazari
1290 1033 1328 1093 de
1336 1033 1423 1093 leru-

118 1123 213 1184 salem
230 1124 366 1203 dederat,
384 1124 534 1185 scilicetX
545 1123 692 1185 bisantios
708 1124 747 1184 de
763 1122 933 1184 redditibus
949 1138 1054 1203 portae
1065 1120 1244 1183 Berritensis
1260 1121 1421 1183 annuatim

121 1212 325 1294 recipiendos,
342 1211 445 1293 sigillo
461 1212 633 1274 confirmat.
653 1247 697 1258 -
717 1211 912 1290 R(ainaldus)
924 1212 962 1272 de
974 1211 1112 1289 Mimars,
1122 1211 1263 1272 Thomas
1273 1211 1311 1272 de
1323 1211 1421 1288 Retel,

120 1298 1422 1381 GirardusLiece,ClemensdeGibelin,BaldouinusdeGibelin,HenricusPingrell,

119 1390 306 1454 Guillelmus
317 1391 428 1453 Arneis
445 1391 602 1468 (Archives
620 1393 658 1453 de
676 1391 808 1452 l'Orient
823 1390 899 1452 latin
915 1390 939 1451 ll
956 1392 990 1471 B,
1008 1410 1038 1472 p.
1062 1410 1130 1471 150,
1148 1392 1208 1451 No.
1228 1390 1289 1472 33).
1353 1386 1422 1447 977

195 1494 213 1562 ¹)
233 1493 277 1549 Cf.
291 1512 377 1565 supra
390 1495 445 1550 No.
462 1512 520 1566 395.
595 1495 615 1564 ²)
635 1493 728 1549 Alias:
741 1492 891 1566 Lepingre.

202 1643 221 1675 ‚,
267 1597 337 1676 Jul,
356 1598 419 1660 ind.
429 1599 509 1660 XlV.
527 1599 621 1681 Apud
639 1598 670 1659 S.
683 1596 857 1660 Miniatum.
869 1631 912 1642 —
924 1596 1097 1659 Fridericus
1108 1596 1131 1657 ll
1143 1597 1308 1678 imperator
1318 1595 1424 1657 fideles

120 1688 207 1767 regni
225 1686 501 1770 Hierosolymitani
518 1686 620 1769 sigillo
636 1688 778 1769 apposito
794 1687 937 1749 certiores
954 1687 1032 1765 iacit,
1048 1706 1090 1765 se,
1101 1705 1201 1766 quum
1212 1686 1422 1764 Hermannus,

119 1777 669 1857 magisterdomusTheutonicorum,
678 1779 760 1839 bona
770 1774 1211 1857 quondamcomitisloscelini
1220 1777 1257 1836 ab
1266 1774 1382 1835 Ottone
1391 1769 1424 1855 ¹),

119 1865 232 1927 comite
256 1866 294 1927 de
317 1867 536 1946 Ennenberch,
561 1866 696 1928 Beatrice
722 1886 817 1928 uxore
840 1882 870 1926 et
885 1865 1001 1926 Ottone
1024 1864 1089 1926 lilio
1113 1881 1216 1946 empta
1238 1862 1422 1944 acquisierit,

118 1956 267 2018 Jacobum
292 1956 331 2018 de
357 1956 537 2038 amygdala,
557 1955 657 2017 filium
674 1957 836 2035 quondam
853 1955 891 2016 G.
909 1953 1040 2033 junioris
1057 1953 1135 2015 filiae
1152 1953 1296 2015 loscelini
1312 1973 1423 2014 secun-

119 2045 196 2106 dum
221 2046 482 2107 consuetudinem
506 2045 593 2125 regni
617 2045 891 2128 Hierosolymitani
908 2045 946 2105 de
967 2044 1120 2126 portione,
1137 2064 1217 2124 quae
1240 2042 1343 2125 ipsum
1367 2061 1424 2124 pro

122 2151 204 2215 parte
228 2135 333 2196 matris
357 2136 530 2215 contigerit,
555 2133 742 2195 investivisse
759 2149 789 2195 et
804 2135 941 2196 eundem
963 2134 1113 2195 Jacobum
1137 2133 1318 2213 magistrum
1342 2152 1423 2193 asse-

122 2243 253 2303 curasse,
271 2224 350 2286 sicut
360 2244 417 2305 pro
429 2240 512 2305 parte
523 2224 627 2284 matris
637 2244 710 2285 suae
720 2223 889 2285 Beatricem
901 2223 1140 2305 primogenitam
1152 2221 1273 2283 comitis
1283 2220 1424 2282 debuerit

122 2333 305 2390 assecurare,
330 2314 368 2375 de
384 2311 474 2391 cujus
489 2313 669 2374 venditione
685 2314 799 2375 domus
818 2313 927 2374 eadem
949 2313 1031 2374 bona
1048 2312 1232 2393 possidebat,
1255 2330 1289 2372 ac
1306 2311 1423 2392 promi-

121 2402 205 2481 sisse,
231 2417 265 2463 ut
283 2402 384 2464 eidem
408 2403 517 2464 domui
540 2402 623 2463 illam
646 2402 795 2483 pecuniae
818 2402 1020 2482 quantitatem
1044 2401 1224 2479 restitueret,
1248 2419 1343 2480 quarn
1366 2419 1424 2480 pro

122 2492 302 2553 redimenda
313 2493 420 2553 eadem
431 2508 514 2573 parte
526 2492 629 2573 ipsum
640 2492 840 2572 contingente
851 2492 973 2553 dudum
985 2490 1206 2572 perqnondam
1218 2488 1424 2551 Guillelmum

120 2582 158 2642 de
183 2582 355 2662 Amygdala
383 2597 498 2663 patrem
525 2581 658 2660 obligata
684 2580 885 2643 creditoribus
907 2580 971 2642 suis
993 2579 1165 2641 exsolverit.
1182 2612 1225 2623 —
1248 2578 1423 2655 Gleroldus)

121 2670 369 2749 l«Wernerus»l,
386 2671 554 2752 patriarcha
571 2670 884 2752 Hierosolymitanus,
895 2671 1037 2748 Jacobus,
1048 2670 1212 2751 episcopus
1223 2667 1422 2745 Acconensis,

120 2759 275 2839 Balianus,
293 2759 441 2821 dominus
459 2761 604 2841 Sydonis,
629 2759 739 2821 Daniel
756 2760 795 2821 de
810 2760 1086 2839 Tenderemunde,
1109 2759 1266 2819 lohannes
1282 2758 1422 2835 Pisanus,

120 2848 281 2910 Gollridus
292 2849 330 2910 de
341 2848 488 2928 Williers,
500 2849 610 2912 Guido⁴
623 2850 662 2910 de
678 2849 791 2911 Nubie.
810 2850 923 2910 Datum
939 2869 994 2930 per
1005 2868 1132 2910 manum
1151 2847 1307 2929 Symonis,
1324 2847 1424 2907 archi—

121 2937 258 3020 episcopi
283 2937 444 3020 Tyrieusis
469 2954 498 2999 et
523 2939 610 3019 regni
635 2937 910 3021 Hierosolymitani
935 2936 1105 2999 cancellarii
1132 2937 1182 3015 (Η.
1206 2935 1364 2998 Bre‘holles
1387 2936 1422 3014 ll,

121 3047 149 3108 p.
167 3029 225 3095 671
239 3029 371 3103 -6723
405 3028 543 3107 Hennes,
569 3027 649 3090 Cod.
667 3027 796 3108 diplom.
814 3027 848 3103 ll,
872 3047 901 3108 p.
922 3028 1075 3106 28—29,
1101 3027 1160 3088 No.
1183 3045 1240 3107 253
1272 3024 1423 3104 Strehlke,

120 3137 148 3198 p.
165 3138 219 3198 49,
236 3118 297 3179 No.
316 3118 374 3193 603
393 3117 430 3178 cf.
448 3138 478 3199 p.
503 3137 537 3179 12
544 3136 577 3198 5;
603 3116 871 3195 Bbhmer·Ficker,
889 3116 950 3177 Νο.
974 3117 1076 3193 1668).
1353 3112 1424 3173 978

195 3217 214 3285 ¹)
234 3215 278 3272 Cf.
292 3234 378 3289 supra
392 3218 447 3273 No.
461 3236 521 3292 933.

168 3317 256 3380 1227
271 3321 292 3398 ¹)
302 3322 367 3382 Jan.
380 3319 516 3401 (gallice).
533 3357 569 3365 —
582 3321 787 3383 Boemundus
796 3320 846 3397 lV,
856 3320 999 3402 princeps
1007 3319 1191 3381 Antiochiae
1201 3335 1231 3381 et
1239 3339 1344 3381 comes
1353 3320 1424 3382 Tri-

119 3410 286 3491 politanos,
304 3410 414 3471 domui
435 3411 708 3473 Theutonicorum
731 3408 860 3490 ejusque
883 3409 1030 3489 magistro
1053 3411 1237 3472 Hermanno
1253 3409 1423 3488 (Hermantl

119 3499 348 3576 molendinum,
366 3500 453 3579 quod
471 3515 552 3561 extra
568 3499 766 3562 Antiochiam
782 3501 820 3561 ad
837 3500 935 3581 ripam
952 3498 1091 3561 fluminis
1108 3499 1167 3560 Fer
1181 3501 1287 3560 subter
1302 3500 1423 3560 molen-

120 3590 196 3650 dino
213 3589 398 3670 patriarchae
421 3589 515 3651 situm
539 3605 593 3667 est,
617 3609 689 3651 cum
713 3589 804 3652 vinea
826 3588 994 3668 adiacente,
1018 3589 1169 3670 pressoria
1187 3606 1217 3650 et
1233 3587 1424 3670 pertinentiis

119 3678 263 3739 concedit
279 3697 308 3739 et
324 3676 426 3758 sigillo
450 3678 622 3740 confirmat.
639 3713 683 3723 -
698 3679 862 3758 Boemont,
885 3679 961 3740 sires
977 3679 1026 3741 del
1042 3680 1200 3758 Botron,2)
1226 3678 1369 3740 Guiscart
1385 3678 1424 3739 de

119 3767 209 3846 l'lsle,
234 3768 359 3829 Bertran
375 3768 523 3846 Porcelet,
547 3768 677 3830 Amauri
693 3769 846 3847 Saleman,
870 3767 972 3829 Pierre
989 3769 1027 3829 de
1043 3768 1240 3846 Scandalion,
1265 3767 1423 3828 Raimund

119 3862 206 4007 Afrm’
233 3857 368 4022 Mgpssel
385 3858 423 3918 de
440 3856 541 3938 Gibel,
566 3857 683 3919 Auberi
705 3858 743 3919 de
768 3857 966 3938 Ranquerole
990 3857 1150 3936 (Strehllte,
1167 3877 1197 3938 p.
1218 3877 1268 3938 50,
1285 3857 1345 3919 Νο.
1353 3858 1424 4004 96719;

118 3967 156 4007 c.
175 3967 204 4029 p.
227 3966 262 4008 12
300 3994 306 4006 .

197 4050 217 4116 ¹)
236 4046 379 4118 Intelligas
397 4046 471 4102 1228.
546 4050 566 4119 ²)
586 4047 631 4103 Ci.
645 4048 769 4117 Eracles,
782 4066 808 4120 p.
821 4065 883 4121 430.

201 4196 220 4228 ,‚
267 4152 368 4228 Mart,
387 4151 450 4212 ind.
462 4151 529 4212 XV.
547 4151 678 4234 Tripoli.
695 4186 740 4196 -
756 4152 928 4233 Richerius,
946 4151 1110 4233 episcopus
1128 4150 1307 4231 Melfiensis,
1326 4150 1425 4232 impe-

119 4240 200 4301 rialis
216 4240 304 4302 aulae
321 4239 476 4302 familiaris
492 4256 522 4302 et
542 4242 673 4303 nuntius
696 4243 734 4303 de
759 4241 904 4303 mandato
927 4240 1073 4304 Friderici
1100 4241 1124 4302 ll
1147 4239 1341 4322 imperatoris
1365 4259 1423 4322 pro

120 4329 252 4408 negotiis
274 4329 451 4391 exercendis
467 4330 588 4412 Tripoli
614 4331 831 4408 constitutus¹)
847 4331 948 4411 sigillo
965 4331 1138 4411 confirmat,
1162 4332 1200 4391 ad
1225 4351 1257 4392 se
1284 4330 1423 4407 Mariam,

119 4420 245 4480 viduam
257 4418 378 4481 Girardi
396 4420 434 4481 de
450 4421 559 4498 Hanis,
577 4436 707 4483 matrem
717 4422 871 4499 Thomae,
889 4421 1089 4482 comestabuli
1097 4419 1295 4502 Tripolitani,
1304 4420 1424 4481 venisse

119 4524 149 4569 et
165 4528 270 4569 coram
295 4529 327 4569 se
352 4509 420 4590 ipso
445 4510 589 4572 Thomae
615 4509 793 4590 contulisse,
820 4511 1035 4591 quodcunque
1061 4509 1109 4588 jus
1135 4509 1269 4571 dotalicii
1295 4509 1424 4571 nomine

119 4600 250 4659 habebat
266 4597 298 4659 in
314 4612 393 4658 terra
409 4612 439 4658 et
456 4598 560 4680 feud0,
578 4601 665 4680 quod
688 4601 770 4661 idem
787 4600 936 4662 Girardus
952 4600 984 4661 in
1000 4599 1087 4660 terris
1103 4600 1261 4680 gallicanis
1276 4597 1423 4680 possedit,

120 4688 204 4748 unde
221 4686 319 4748 homo
335 4687 415 4768 regis
432 4687 548 4751 Galliae
565 4690 663 4752 factus
680 4689 788 4751 fuerat.
805 4722 850 4732 -
866 4688 1038 4768 Richerius,
1062 4689 1228 4773 episcopus
1245 4687 1423 4766 Melfiensis,

120 4776 284 4857 Rogerius,
308 4777 477 4840 canonicus
501 4778 681 4858 Melfiensis,
705 4779 862 4858 Nicolaus,
886 4778 1023 4860 episcopi
1047 4777 1216 4840 Melfiensis
1236 4778 1423 4860 capellanus,

195 4908 215 4975 ¹)
234 4904 449 4975 Winkehnann,
462 4904 607 4962 Friedrich
620 4906 652 4975 ll,
665 4906 685 4975 l,
698 4923 725 4977 p.
740 4923 801 4976 242,
814 4905 874 4976 246.

172 5012 339 5067 Rohrlcht,
360 5010 465 5069 Regem.
1217 5029 1248 5086 17
