3398 5400
278 384 338 446 3¹²
839 357 1014 427 Regesta

279 615 346 658 uno
362 596 454 657 latere
471 597 585 657 domus
602 595 755 675 quaedam
772 614 845 656 cum
862 595 899 655 lll
915 595 1029 667 stadiis,
1048 594 1086 671 (2)
1104 593 1300 673 jardinetum,
1318 594 1368 654 cui
1384 595 1551 656 cohaerent
1568 616 1584 655 a

274 686 485 767 septentrione
503 686 616 747 domus
632 684 795 765 quondam
810 685 955 746 Thomae
979 685 1162 762 Parcanuae,
1186 685 1223 744 ab
1240 683 1400 745 occidente
1418 684 1582 765 quondam

275 775 438 838 Citodarae
455 791 483 836 et
499 774 669 835 Raimundi
687 775 725 835 de
741 774 839 848 Nicia,
856 795 873 835 a
890 774 1017 835 meridie
1035 774 1149 835 domus
1166 773 1353 849 communis,
1372 774 1410 834 ab
1421 774 1583 835 occidente

274 866 378 926 Jacobi
397 865 505 943 Mussi,
524 866 564 944 (3)
581 864 609 925 V
625 865 737 924 domos
753 880 783 925 et
798 863 949 943 gastinam
960 883 1031 925 cum
1044 863 1118 945 ipsis
1129 864 1275 924 domibus
1287 877 1455 939 tenentem,
1466 863 1583 944 quibus

275 955 440 1015 cohaerent
451 955 565 1016 domus
582 953 695 1014 scilicet
710 955 747 1013 ab
763 953 922 1015 occidente
934 954 1096 1033 quondam
1107 953 1289 1026 Setedariae,
1307 973 1324 1012 a
1340 952 1467 1013 meridie
1478 971 1583 1032 quon·

275 1044 346 1105 dam
357 1044 491 1121 Tarsiae,
508 1064 524 1103 a
541 1043 750 1123 septentrione
768 1041 924 1121 jardinum
935 1044 1096 1122 quondam
1107 1042 1257 1103 lobannis
1268 1041 1390 1117 Veneti,
1407 1044 1444 1102 ab
1461 1042 1582 1104 oriente

276 1134 390 1195 domus
407 1133 567 1213 quondam
585 1131 756 1193 Guillielmi
775 1132 873 1193 Mussi
890 1148 919 1192 et
935 1132 1096 1207 Gonellae,
1114 1131 1155 1212 (4)
1172 1146 1253 1192 retro
1269 1130 1385 1192 lobiam
1402 1131 1583 1192 communis

277 1223 316 1285 Vl
337 1224 459 1298 domos,
483 1222 597 1303 quibus
622 1222 765 1282 cohaeret
788 1223 825 1281 ab
848 1222 1006 1282 occidente
1033 1222 1145 1282 domus
1171 1222 1332 1301 quondam
1354 1221 1491 1297 Tarsiae,
1515 1242 1531 1281 a
1558 1221 1582 1281 ll

276 1312 411 1394 partibus
431 1312 478 1372 via
503 1311 626 1392 publica
642 1325 672 1370 et
687 1313 724 1371 ab
748 1311 808 1372 alio
831 1310 922 1371 latere
946 1311 993 1371 via
1018 1311 1142 1390 privata,
1167 1311 1207 1390 (5)
1224 1324 1305 1370 retro
1329 1310 1439 1370 dictam
1463 1310 1582 1370 lobiam

275 1402 313 1462 ΙΙΙ
323 1401 446 1478 domos,
458 1401 573 1481 quibus
584 1401 727 1461 cohaeret
743 1402 780 1460 ab
791 1400 949 1461 occidente
961 1401 1075 1461 domus
1085 1399 1320 1480 archiepiscopi,
1337 1421 1354 1460 a
1370 1399 1582 1480 septentrione

275 1506 305 1552 et
321 1491 448 1551 meridie
470 1490 518 1550 via
542 1490 663 1571 publica
681 1504 710 1550 et
726 1491 763 1549 ab
786 1489 847 1550 alio
870 1488 962 1550 latere
985 1488 1066 1573 lobia
1091 1489 1280 1566 communis,
1305 1489 1345 1565 (6)
1363 1487 1444 1565 juxta
1468 1488 1582 1549 dictam

275 1579 390 1642 lobiam
407 1580 550 1653 domum,
568 1579 617 1640 cui
635 1579 778 1639 cohaeret
794 1578 874 1639 volta
891 1599 908 1639 a
924 1578 947 1638 11
963 1579 1118 1655 lateribus,
1143 1600 1158 1638 a
1176 1578 1304 1638 meridie
1321 1593 1350 1638 et
1366 1580 1403 1638 ab
1420 1577 1582 1639 occidente

275 1669 389 1730 domus
405 1668 509 1729 Jacobi
528 1668 636 1741 Mussi,
660 1668 701 1744 (7)
718 1669 850 1729 domum
868 1667 980 1749 palatio
997 1667 1175 1728 communis
1197 1667 1339 1743 vicinam,
1364 1667 1414 1727 cui
1438 1668 1583 1728 cohaeret

274 1760 312 1820 ab
329 1758 489 1819 occidente
513 1758 660 1838 palatium
684 1757 873 1831 communis,
897 1759 934 1817 ab
958 1757 1018 1818 alio
1040 1756 1132 1817 latere
1156 1758 1270 1817 domus
1293 1756 1528 1837 archiepiscopi,
1553 1771 1583 1817 et

275 1862 362 1908 antea
380 1863 409 1908 et
424 1868 440 1907 a
458 1848 550 1908 latere
566 1847 614 1907 via
631 1845 763 1928 publica,
788 1845 828 1924 (8)
846 1845 991 1927 palatium
1010 1846 1188 1907 communis
1204 1865 1275 1907 curn
1294 1865 1426 1906 massera
1444 1862 1473 1906 et
1488 1845 1581 1923 volta,

276 1956 356 2018 quae
372 1952 446 1997 sunt
462 1953 543 1998 retro
560 1936 674 2017 ipsum,
698 1935 748 1996 cui
765 1936 931 1996 cohaerent
947 1938 984 1995 ab
1001 1936 1118 1997 oriente
1136 1937 1250 1997 domus
1266 1933 1402 2016 Templi,
1419 1955 1435 1995 a
1452 1935 1582 1997 meridie

276 2027 437 2108 quondam
456 2025 583 2086 Henrici
600 2026 637 2085 de
653 2024 749 2085 Torta
767 2040 795 2085 et
811 2023 944 2105 Philippi
963 2025 1102 2101 Gemelli,
1120 2027 1157 2085 ab
1174 2024 1333 2086 occidente
1351 2025 1464 2085 domus
1481 2025 1582 2085 archi-

276 2115 423 2198 episcopi,
448 2117 486 2174 ab
511 2115 629 2175 oriente
653 2115 767 2175 domus
793 2114 970 2175 communis
993 2130 1022 2174 et
1044 2131 1133 2175 antea
1155 2114 1203 2174 via
1225 2113 1359 2195 publica,
1385 2114 1425 2192 (9)
1449 2113 1581 2194 plateam

275 2205 375 2267 lobiae
392 2203 570 2265 communis
587 2223 657 2264 cum
675 2202 827 2279 aedificio,
838 2204 925 2283 quod
941 2202 1092 2264 aedificari
1110 2204 1269 2284 inceptum
1287 2202 1377 2263 habet
1394 2224 1409 2262 a
1426 2202 1464 2264 Ill
1480 2201 1584 2264 lateri

276 2296 334 2356 bus
350 2293 430 2353 viam
451 2292 607 2374 publicam
631 2308 660 2353 et
683 2306 765 2353 retro
788 2293 920 2353 domum
945 2293 1133 2369 communis,
1158 2292 1219 2370 (ro)
1236 2293 1395 2372 quandam
1418 2292 1581 2371 gastinam,

274 2383 328 2445 ubi
345 2383 421 2444 olim
438 2381 495 2443 fuit
520 2383 631 2443 furnus
654 2382 843 2459 communis,
868 2382 918 2443 cui
941 2382 1083 2443 cohaeret
1100 2403 1116 2441 a
1133 2382 1170 2442 lll
1187 2382 1325 2463 partibus
1341 2382 1398 2458 via,
1423 2396 1582 2462 asepten-

275 2473 374 2535 trione
385 2473 499 2533 domus
510 2471 672 2552 quondam
683 2471 825 2532 Baldoini
837 2470 980 2545 Arminii,
998 2471 1023 2548 (ι
1037 2471 1060 2549 ι)
1072 2471 1214 2549 domum,
1231 2470 1280 2531 cui
1298 2471 1335 2531 de
1347 2471 1481 2551 quadam
1497 2471 1583 2532 Rosa

275 2579 372 2624 emtae
390 2561 532 2622 cohaeret
548 2576 630 2622 retro
648 2560 794 2642 palatium
812 2560 999 2636 communis,
1017 2563 1054 2621 ab
1071 2580 1138 2622 uno
1154 2561 1245 2621 latere
1262 2561 1376 2622 domus
1393 2559 1583 2639 communis,

274 2667 363 2713 antea
373 2651 421 2711 via
438 2651 561 2731 publica
578 2667 608 2711 et
624 2651 661 2710 ab
678 2649 738 2711 alio
755 2650 846 2711 latere
863 2650 977 2711 domus
987 2649 1115 2729 Georgii
1132 2651 1169 2710 de
1181 2648 1359 2730 Capellana,
1377 2648 1439 2727 (ra)
1457 2650 1488 2710 in
1505 2669 1584 2729 ruga

274 2741 500 2802 aurifabrorum
512 2740 536 2800 ll
548 2740 665 2816 balnea,
678 2739 793 2819 quibus
803 2740 946 2800 cohaeret
957 2742 994 2799 ab
1005 2740 1123 2800 oriente
1134 2739 1248 2800 domus
1259 2738 1421 2818 quondam
1431 2738 1585 2800 lobannis

274 2829 428 2906 aurifabri,
445 2829 469 2906 (ι
480 2830 507 2909 3)
518 2830 637 2889 tertiam
655 2844 770 2909 partem
789 2828 932 2890 introitus
949 2844 1071 2889 catenae
1082 2829 1242 2910 Tyrensis,
1260 2828 1323 2907 (ι4)
1334 2827 1465 2889 domum
1477 2846 1585 2908 quon-

274 2920 346 2980 dam
363 2919 442 2980 Petri
459 2919 664 2999 Pennesinpe,
686 2917 736 2978 cui
753 2919 919 2979 cohaerent
935 2938 951 2978 a
968 2918 991 2978 ll
1008 2918 1145 2999 partibus
1162 2918 1276 2978 domus
1293 2916 1526 2998 archiepiscopi,
1544 2918 1583 2978 ab

274 3009 330 3070 alia
348 3010 462 3070 domus
479 3008 635 3068 Ramondi
653 3006 780 3068 Soldani
798 3023 827 3068 et
842 3007 978 3088 Templi,
1003 3027 1020 3067 a
1037 3007 1164 3067 meridie
1188 3008 1302 3068 domus
1318 3007 1519 3084 ludaeorum,
1544 3008 1584 3067 ab

274 3098 434 3159 occidente
457 3098 619 3176 quondam
643 3096 792 3178 Symonis
808 3111 837 3156 et
858 3117 873 3156 a
891 3097 1102 3177 septentrione
1125 3097 1173 3157 via
1198 3095 1329 3176 publica,
1354 3095 1416 3176 (15)
1434 3115 1583 3177 campum

273 3203 370 3248 terrae
392 3185 424 3247 lo
441 3187 560 3247 Aracha
584 3202 738 3261 vocatum,
763 3184 816 3246 ubi
841 3201 885 3246 est
910 3205 1042 3246 massera
1067 3186 1256 3261 communis,
1282 3184 1363 3262 juxta
1388 3185 1584 3246 conductum

274 3296 372 3355 aquae
396 3295 502 3337 versus
526 3275 688 3351 orientem,
712 3275 925 3336 continentem
947 3293 1047 3355 usque
1064 3275 1100 3334 ad
1119 3293 1265 3353 magnam
1283 3274 1388 3354 pillam
1405 3275 1584 3336 conductus

274 3365 378 3444 magni
396 3381 425 3426 et
441 3365 659 3425 cohaerentem
675 3379 772 3425 terrae
788 3364 991 3438 Venetorum,
1010 3364 1087 3424 infra
1105 3384 1181 3444 quas
1197 3363 1407 3424 cohaerentias
1424 3379 1468 3424 est
1484 3363 1584 3424 fossa-

273 3470 340 3516 tum
365 3455 397 3516 in
415 3454 519 3516 medio
543 3474 648 3516 versus
672 3453 864 3515 occidentem
889 3473 989 3533 usque
1007 3452 1039 3513 in
1056 3473 1149 3529 mare,
1167 3469 1196 3514 et
1212 3474 1227 3513 a
1244 3452 1373 3514 meridie
1397 3452 1584 3514 molendino

275 3545 469 3606 Venetorum
486 3560 515 3605 et
531 3560 626 3604 terrae
637 3543 869 3624 archiepiscopi,
882 3563 961 3623 quae
972 3542 1284 3624 vocaturTyronum,
1302 3541 1364 3619 (ιὸ)
1375 3542 1452 3603 circa
1464 3542 1585 3603 dictum

273 3635 440 3717 Tyronum
451 3634 608 3714 quandam
621 3633 734 3714 petiam
745 3647 840 3693 terrae
852 3633 986 3713 planam,
998 3652 1078 3712 quae
1090 3632 1285 3712 protenditur
1295 3651 1395 3712 usque
1406 3631 1443 3692 ad
1459 3631 1584 3692 molen-

274 3725 386 3785 dinum
403 3722 581 3784 communis
592 3720 673 3801 juxta
684 3738 795 3782 terram
806 3722 909 3782 Jacobi
921 3722 1038 3802 Cayme
1049 3720 1138 3797 (infra
1148 3741 1222 3782 vero
1233 3740 1379 3801 campum
1391 3720 1584 3782 antedictum

273 3814 311 3874 de
336 3812 367 3874 lo
394 3812 498 3873 Racha
521 3829 566 3873 est
589 3831 669 3892 aqua
693 3811 725 3871 in
748 3811 784 3871 lll
802 3810 938 3892 partibus
961 3811 1078 3887 labens,
1103 3830 1182 3890 quae
1206 3809 1379 3887 communi,
1403 3809 1546 3890 quamvis
1566 3832 1584 3871 a

274 3902 410 3963 dominis
440 3901 635 3982 impeciatur,
669 3901 792 3981 propria
823 3902 891 3979 est),
924 3899 986 3978 (17)
1013 3901 1124 3981 petiam
1150 3901 1187 3961 de
1212 3915 1300 3978 terra,
1328 3919 1407 3980 quae
1432 3915 1476 3960 est
1502 3899 1584 3961 infra

273 3990 493 4053 molendinum
517 3990 694 4052 communis
716 3991 833 4051 Januae
850 4006 878 4051 et
894 3990 1089 4051 Venetorum
1106 4005 1135 4051 et
1151 3989 1295 4070 superius
1318 3990 1462 4050 cohaeret
1485 4004 1584 4050 terrae

272 4082 393 4164 Tyroni
419 4095 449 4142 et
474 4081 602 4141 inferius
629 4080 693 4140 viae
722 4078 873 4161 publicae,
900 4079 962 4157 (ι8)
980 4079 1200 4142 molendinum
1226 4079 1405 4140 communis
1431 4094 1460 4139 et
1484 4079 1585 4140 casale

274 4172 304 4234 S.
327 4171 454 4250 Georgii
480 4190 550 4232 cum
578 4169 778 4251 pertinentiis,
806 4170 854 4231 cui
881 4169 1048 4231 cohaerent
1073 4169 1168 4230 casale
1196 4169 1313 4231 Nobles
1338 4189 1355 4228 a
1379 4167 1508 4229 meridie
1534 4167 1585 4228 via

274 4261 438 4337 mediante,
464 4261 501 4320 ab
524 4260 642 4321 oriente
666 4274 833 4321 montanea
856 4259 959 4321 Jacobi
986 4260 1115 4340 Cayme,
1139 4278 1219 4339 quae
1245 4257 1357 4319 dicitur
1382 4256 1539 4336 Farachia,
1567 4279 1585 4318 a

274 4350 484 4433 septentrione
510 4348 649 4427 ejusdem
675 4364 841 4409 montanea
868 4349 1032 4410 continens
1058 4367 1131 4409 cum
1158 4348 1236 4408 dicta
1263 4362 1429 4408 montanea
1451 4345 1520 4424 alia,
1545 4349 1585 4408 ab

275 4441 434 4502 occidente
451 4454 528 4499 terra
546 4438 661 4512 casalis,
673 4456 752 4517 quae
770 4437 882 4498 dicitur
898 4437 1038 4515 Sechilia,
1049 4457 1150 4517 usque
1168 4438 1205 4498 ad
1223 4437 1339 4498 dictum
1352 4434 1458 4513 casale,
1470 4436 1584 4516 partim

275 4545 352 4591 terra
369 4528 556 4606 communis,
579 4527 642 4607 (ι9)
659 4528 816 4607 quandam
834 4544 944 4588 terram
963 4527 1086 4607 planam
1108 4527 1238 4587 Marruca
1262 4526 1385 4601 dictam,
1403 4544 1482 4605 quae
1506 4525 1586 4586 olim

275 4618 431 4698 jardinum
454 4618 545 4678 habet
568 4618 605 4678 ab
629 4616 746 4677 oriente
770 4617 972 4694 conductum,
996 4615 1239 4696 aseptentrioue
1255 4616 1336 4675 viam
1354 4614 1520 4695 publicam,
1545 4616 1586 4675 ab

275 4708 435 4771 occidente
461 4726 627 4767 massaram
654 4706 745 4786 regis,
770 4727 787 4766 a
812 4705 940 4766 meridie
966 4705 1169 4785 conductum,
1195 4704 1257 4782 (20)
1279 4703 1435 4781 jardinum
1459 4718 1586 4766 vastum

274 4797 498 4859 circumdatum
524 4815 617 4857 muro
640 4811 742 4876 ruptO,
767 4795 816 4856 cui
841 4795 1006 4856 cohaerent
1029 4796 1066 4855 ab
1090 4795 1208 4856 oriente
1225 4808 1255 4855 et
1271 4793 1481 4874 septentrione
1504 4808 1586 4855 terra

273 4887 354 4968 regis
378 4902 407 4947 et
433 4887 464 4948 S.
484 4885 597 4947 Mariae
622 4886 857 4963 monacharum,
881 4886 919 4946 ab
941 4884 1101 4947 occidente
1125 4884 1174 4944 via
1196 4884 1357 4966 Sydonem
1381 4883 1523 4946 tendens.
1539 4917 1587 4927 --
