3398 5400
280 346 342 416 276
840 335 1016 411 Reges'ta

1345 426 1586 443 .--..-—-·-

328 561 491 624 1234Ju1.
510 561 651 623 Nicosiae
669 561 806 642 (gallice).
818 594 862 604 —
874 559 1039 637 Henri(cus
1056 560 1088 637 l),
1105 580 1157 621 rex
1173 559 1279 641 Cypri,
1297 558 1469 621 Guillelmo
1486 559 1587 636 (Guil-

278 653 402 729 laume),
427 651 491 714 filio
515 651 553 713 de
571 651 711 727 Acharie,
736 649 1013 712 commutationem
1040 650 1198 729 quandam
1223 648 1325 728 sigillo
1351 647 1522 710 confirmat.
1543 681 1587 691 -

278 741 375 802 Jehan
386 742 423 802 de
435 741 568 819 Ybelim,
580 741 729 802 dominus
740 741 778 801 de
790 737 1189 818 ssarruth,Jehand'1belim
1202 757 1310 819 nepos,
1321 738 1427 799 Ralian
1439 737 1588 816 d'lbelim,

278 830 444 912 Bauduym
455 830 605 909 d’lbelim,
618 830 749 910 Hugues
760 829 911 906 d'lbelim,
924 827 1104 890 Guillaume
1113 828 1269 906 Visconte,
1281 828 1393 888 Arneis
1404 828 1442 888 de
1453 825 1586 889 Gibelet.

279 920 401 1085 Datfiurgt,
413 940 468 1001 per
484 938 614 981 manum
631 918 794 981 Bonivasal
811 918 946 996 d’Aude,
964 916 1137 978 cancellarii
1153 917 1248 999 Cypri
1267 916 1323 993 (De
1341 918 1408 978 Mas
1424 915 1589 1065 [11τίῧέΙέ

279 1029 308 1090 P·
352 1030 366 1089 3
405 1057 412 1070 ·

360 1169 379 1202 „
425 1128 506 1204 Aug.
523 1123 674 1184 Nicosiae.
689 1156 724 1166 —
740 1122 894 1184 Henricus
910 1123 931 1200 l,
949 1141 1001 1183 rex
1017 1121 1123 1204 Cypri,
1140 1120 1243 1201 sigillo
1260 1119 1434 1198 confirmat,
1451 1121 1588 1202 Balduy-

280 1234 358 1276 num
375 1214 413 1274 de
438 1213 542 1274 Morfo
568 1213 712 1273 ecclesiae
738 1213 912 1273 Nicosiensi
939 1211 1025 1273 CXX
1050 1211 1198 1272 bisantios
1223 1208 1374 1271 annuales
1399 1211 1588 1271 concessisse

280 1303 394 1365 scilicet
410 1303 466 1363 uni
482 1302 642 1379 sacerdoti,
654 1302 708 1382 qui
724 1321 781 1383 pro
797 1302 935 1363 remedio
945 1301 1066 1362 animae
1078 1300 1174 1381 ipsius
1185 1300 1289 1360 divina
1299 1298 1400 1360 officia
1411 1299 1587 1361 celebraret.

279 1425 323 1437 -
338 1393 496 1454 Johannes
519 1393 557 1452 de
582 1390 737 1467 Ybellino,
762 1392 910 1452 dominus
933 1390 1046 1471 Beryti,
1069 1390 1227 1451 Johannes
1251 1390 1289 1450 de
1306 1388 1452 1449 Ybellino
1472 1387 1588 1467 junior,

280 1481 451 1543 Balduinus
467 1482 505 1542 de
522 1480 680 1558 Ybellino,
697 1481 793 1559 Hugo
809 1482 846 1542 de
861 1480 1019 1556 Ybellino,
1031 1477 1221 1541 Guillelmus
1231 1479 1414 1558 vicecomes,
1427 1478 1590 1539 Arneisius

281 1571 319 1632 de
336 1570 466 1633 Gibelet.
493 1570 609 1631 Datum
626 1590 680 1651 per
696 1589 826 1632 manum
843 1569 1020 1631 Bonvassali
1039 1569 1076 1629 de
1094 1567 1188 1648 Aldo,
1205 1567 1376 1629 cancellarii
1394 1567 1480 1647 regni
1491 1567 1589 1648 Cypri

282 1660 338 1737 (De
356 1662 423 1722 Mas
440 1660 539 1720 latrie
557 1659 604 1738 111,
622 1680 651 1740 p.
671 1659 756 1739 639).
1498 1653 1590 1716 1055

363 1821 381 1853 „
428 1774 509 1836 Nov.
522 1794 552 1841 7.
570 1779 687 1835 Accon.
702 1808 747 1817 —
763 1773 829 1835 Alis
846 1773 1037 1856 principissa,
1055 1773 1184 1834 domina
1199 1772 1347 1852 Toronis,
1366 1772 1454 1834 Craci
1471 1773 1591 1833 Montis

283 1865 405 1944 Regalis
422 1881 450 1926 et
467 1865 497 1925 S.
507 1864 660 1941 Abrahae,
678 1864 820 1925 fratribus
837 1863 867 1925 S.
879 1864 984 1924 Lazari
995 1864 1033 1924 de
1043 1862 1210 1924 Jerusalem
1228 1881 1283 1943 per
1299 1881 1429 1923 manum
1446 1862 1590 1923 Rainaldi

281 1955 320 2016 de
337 1955 478 2015 Floriaco
495 1953 630 2033 magistri
648 1953 843 2035 privilegium
860 1973 953 2035 supra
964 1953 1035 2030 (No.
1049 1953 1121 2029 266)
1134 1951 1294 2013 laudatum
1304 1951 1405 2030 sigillo
1416 1950 1589 2013 confirmat.

281 2079 324 2087 -
351 2044 448 2104 Fulco
473 2043 511 2103 de
528 2043 708 2121 Boingnon,
735 2043 841 2122 Hugo,
869 2042 1064 2103 marescallus
1090 2040 1331 2118 Tiberiadensis,
1364 2040 1525 2102 Goffridus
1550 2041 1591 2102 de

282 2132 502 2214 Streinpolain,
514 2132 680 2193 Gervasius
696 2131 734 2192 de
752 2131 918 2210 Maleastel,
935 2131 1193 2193 Bartholomaeus
1209 2131 1246 2191 de
1263 2129 1359 2191 Nibar
1375 2130 1534 2208 (Archives
1550 2130 1591 2191 de

281 2222 415 2283 l'Orient
430 2221 504 2284 latin
521 2220 545 2282 ΙΙ
556 2222 589 2299 Β,
608 2240 637 2301 p.
662 2241 730 2301 153,
748 2222 809 2283 N0.
829 2222 891 2301 36).
1499 2217 1592 2279 1056

363 2384 383 2416 ,,
429 2340 508 2400 Νον.
529 2358 580 2417 22,
604 2337 668 2397 ind.
688 2336 750 2398 Vll.
776 2337 906 2416 Margati
930 2338 962 2399 in
985 2356 1105 2398 camera
1129 2335 1265 2417 episcopi
1285 2335 1438 2397 Valeniae.
1455 2370 1500 2379 —
1515 2337 1591 2398 Bar-

285 2427 490 2503 tholomaeus,
508 2428 673 2507 episcopus
684 2425 839 2504 Valeniae,
857 2427 985 2509 epistola
996 2425 1138 2506 Gregorii
1155 2424 1196 2486 IX
1212 2445 1309 2506 papae
1327 2427 1420 2486 verbo
1432 2441 1524 2487 tenus
1540 2427 1590 2487 in-

283 2533 370 2595 serta,
379 2517 397 2594 l)
408 2533 441 2577 ut
449 2515 691 2577 controversiam
701 2515 948 2597 interHospitale
959 2532 988 2577 et
997 2515 1221 2577 boamundum
1232 2515 1282 2590 IV,
1293 2513 1466 2596 principem
1477 2516 1591 2577 Antio-

283 2606 379 2685 chiae,
397 2620 534 2666 exortam
551 2607 589 2667 de
607 2604 686 2665 facto
704 2604 872 2666 Maracleae
890 2621 919 2666 et
935 2605 1025 2667 variis
1042 2603 1163 2683 injuriis
1180 2603 1351 2685 praedictae
1372 2604 1483 2666 domui
1501 2604 1592 2666 illatis

283 2695 441 2776 disceptet,
458 2695 593 2776 exponit,
611 2693 730 2754 dictum
753 2695 926 2776 principem
948 2715 1039 2776 saepe
1062 2695 1190 2756 citatum
1215 2712 1280 2754 non
1303 2693 1434 2773 venisse,
1458 2694 1513 2755 sed
1534 2696 1591 2777 M,

281 2784 507 2846 thesaurarium
531 2784 793 2862 Anteradensem,
823 2783 1061 2845 insufficientem
1086 2783 1214 2845 misisse.
1262 2783 1367 2863 ltaque
1390 2804 1440 2862 se,
1464 2788 1591 2846 Accone

282 2889 311 2936 et
334 2873 464 2953 Margati
490 2873 621 2935 consilio
643 2873 759 2949 habito,
784 2872 901 2935 dictum
925 2873 1083 2935 castellum
1108 2873 1277 2934 Maracleae
1300 2871 1452 2953 Hospitali
1475 2873 1592 2935 scilicet

282 2962 532 3044 procuratoribus
543 2964 681 3025 Roberto
698 2964 736 3025 de
754 2962 909 3040 Alvernia,
926 2961 1038 3023 clerico
1054 2961 1241 3041 (Eustorgii),
1259 2961 1482 3043 archiepiscopi
1494 2963 1592 3023 Nico-

281 3052 401 3130 siensis,
413 3068 442 3113 et
454 3052 591 3114 Roberto
603 3051 714 3114 Pisano
725 3050 831 3130 judici,
843 3051 908 3113 filio
918 3052 1080 3132 quondam
1092 3050 1272 3130 Maregnani
1285 3050 1465 3130 cancellarii,
1478 3053 1592 3114 baculo

281 3141 393 3202 tradito
410 3139 610 3221 adjudicasse,
628 3141 730 3220 sigillo
746 3141 918 3202 confirmat.
929 3175 974 3184 —
984 3139 1163 3202 Willelmus
1173 3156 1289 3218 cantor,
1302 3139 1481 3202 Willelmus
1492 3141 1591 3203 Lom-

282 3231 396 3291 bardus
419 3244 449 3291 et
466 3231 595 3309 Franco,
620 3229 759 3293 canonici
777 3230 999 3308 Vallanienses,
1026 3230 1211 3312 presbyteri:
1235 3230 1403 3305 Johannes,
1422 3229 1543 3308 bajulus
1561 3247 1592 3292 et

282 3337 463 3401 procurator
485 3320 628 3382 ecclesiae
647 3318 861 3397 Vallaniensis,
884 3321 1042 3382 Johannes
1063 3320 1101 3380 de
1118 3319 1264 3380 Laudicia
1281 3335 1311 3379 et
1327 3319 1434 3380 Petrus
1451 3320 1489 3380 de
1506 3321 1592 3381 Mar-

281 3425 370 3489 gato;
389 3408 560 3471 Rainaldus
577 3426 605 3471 et
622 3410 793 3470 beltramus
810 3409 932 3483 milites,
950 3409 1070 3491 Symon
1087 3408 1280 3489 turcopulos,
1297 3408 1387 3469 frater
1403 3407 1592 3488 Stephanus,

282 3498 366 3579 prior
377 3498 514 3577 Margati,
525 3499 684 3562 Giraudus
699 3498 860 3576 diaconus,
878 3498 1095 3581 Raymundus,
1111 3497 1262 3559 diaconus
1274 3496 1488 3575 Vallaniensis,
1500 3497 1592 3560 frater

282 3588 490 3669 Raymundus
506 3590 544 3650 de
561 3589 717 3669 Mandago
734 3588 994 3666 vicecastellanus,
1007 3588 1095 3649 frater
1111 3588 1287 3649 Bernardus
1298 3585 1489 3669 Raymundi,
1502 3606 1591 3667 prae-

281 3693 386 3758 ceptor
409 3677 554 3755 militum,
579 3678 668 3740 frater
691 3678 879 3741 Guillelmus
902 3678 940 3739 de
964 3677 1107 3739 Cerveria
1123 3692 1152 3737 et
1168 3675 1346 3738 Gandulfus
1366 3675 1450 3737 Boia.
1481 3675 1592 3739 Petrus

281 3765 452 3847 Saporitus,
478 3767 618 3828 notarius
643 3769 718 3828 sacri
744 3767 877 3848 imperii,
908 3767 988 3827 hanc
1011 3765 1195 3826 sententiam
1220 3766 1252 3826 in
1277 3765 1431 3847 publicam
1456 3764 1592 3827 formam

281 3855 399 3934 redegit
415 3854 510 3931 (Paoli
527 3856 547 3932 l,
566 3876 595 3937 p.
620 3876 801 3934 127—129,
819 3857 879 3917 No.
903 3856 982 3933 117).
1498 3852 1590 3915 1057

355 3959 375 4024 ¹)
397 3957 462 4026 Qua
479 3955 617 4028 episcopo
638 3957 784 4013 antedicto
805 3956 1032 4013 controversiam
1053 3954 1226 4012 antedictam
1247 3954 1352 4028 judicio
1374 3954 1592 4027 disceptandam

282 4026 437 4082 committit
451 4033 475 4094 (1
481 4045 495 4099 5
510 4029 580 4083 Dec.
599 4032 688 4104 1233).

363 4176 382 4208 „
429 4165 472 4174 —
488 4129 613 4192 lsabella
630 4132 668 4192 de
683 4131 807 4209 Betsan,
819 4131 881 4193 filia
891 4131 1053 4213 quondam
1069 4129 1204 4211 Philippi
1222 4127 1339 4209 Rufffi),
1357 4145 1386 4190 et
1401 4130 1593 4195 Bertrandus

281 4219 419 4282 Porcelet
436 4220 579 4282 fratribus
594 4220 868 4290 Theutonicorum
889 4241 943 4303 per
959 4238 1088 4280 manum
1112 4218 1240 4280 Luttolii
1264 4220 1469 4300 praeceptoris
1492 4223 1593 4284 casale

279 4310 426 4371 Arabiam
452 4309 632 4388 (Arrabiam)
654 4326 683 4371 et
700 4310 899 4387 (Zechanim),
925 4310 1058 4389 gastinas
1083 4308 1265 4385 Bethenne,
1294 4309 1416 4369 Mezera
1441 4309 1591 4390 (Mizera),

281 4399 433 4461 Miscalim
444 4399 629 4481 (Miskalym)
638 4400 657 4476 l)
668 4400 766 4481 pretio
775 4400 814 4461 ΙΙΙ
822 4399 956 4461 millium
967 4415 996 4460 et
1008 4398 1063 4460 DC
1071 4397 1275 4458 bisantiorum
1287 4397 1384 4474 sigilla
1395 4416 1592 4480 apponentes

280 4508 384 4550 coram
403 4489 536 4550 Ricardo
560 4489 735 4568 Filangerii,
760 4489 945 4551 marescalco
970 4486 1119 4567 imperiali
1142 4505 1177 4547 ac
1200 4486 1287 4565 regni
1312 4486 1590 4570 Hierosolymitani

280 4579 391 4658 balivo,
409 4579 558 4640 vendunt.
576 4612 620 4622 —
636 4578 850 4658 Boemundus,
869 4577 1018 4640 dominus
1035 4575 1258 4653 Botlh)oronis,
1281 4575 1423 4637 Thomas
1440 4578 1478 4638 de
1495 4578 1591 4660 Ham,

280 4668 500 4730 conestabulus
531 4666 757 4750 Tripolitanus,
790 4669 945 4730 Henricus
971 4668 1009 4728 de
1034 4665 1106 4727 Rufi
1133 4681 1162 4726 et
1187 4664 1349 4742 Radulfus,
1382 4684 1480 4747 nepos
1510 4666 1591 4750 ejus,

356 4828 376 4893 ¹)
396 4825 484 4894 Quod
505 4824 622 4879 Conder
642 4823 756 4904 (Quart.
770 4825 840 4882 Stat.
859 4822 937 4950 1820,
958 4840 984 4895 p.
999 4823 1045 4896 36)
1065 4820 1142 4877 idem
1156 4838 1218 4876 esse
1233 4833 1331 4876 censet
1344 4837 1378 4875 ac
1392 4819 1548 4878 muslakhit
1561 4822 1592 4878 in

280 4897 385 4969 Mappa
398 4898 505 4952 Terrae
519 4895 644 4952 Sanctae
658 4894 769 4967 anghca
783 4896 876 4964 (sheet
928 4896 946 4965 ).
