3398 5400
670 356 749 428 regni
763 355 1023 429 Hierosolymiraui.
1335 422 1338 426 .
1470 372 1506 440 ²2

203 554 354 611 Buchabes
368 557 454 625 (nunc
475 557 541 612 Abu
554 553 680 624 Kobais),
700 556 827 622 Lacoba,
847 555 936 625 (quod
956 554 1091 609 Dussaud
1118 553 1146 608 in
1166 553 1262 608 Revue
1282 551 1406 608 arche'ol.
1430 551 1506 624 1897,

203 627 293 695 XXX,
306 644 333 699 p.
363 644 398 698 49
412 644 488 682 nunc
502 627 601 682 Lakhe
620 625 692 681 inter
705 627 868 697 Margatutn
888 636 916 680 et
936 623 1142 695 Epiphaneiam
1160 625 1325 681 situm=esse
1342 635 1505 692 cense13an

202 696 299 769 potius
313 646 467 769 el-iiubba,
480 697 605 754 el-Kaba
617 696 834 769 intelligendum
847 702 929 764 esti),
941 694 1036 750 Fassia
1051 697 1137 765 (nunc
1150 695 1240 768 Fezije
1249 697 1279 766 l).

251 807 336 870 1167
354 810 442 872 Febr.
462 812 509 873 16.
524 845 569 854 -
584 810 697 873 Charta
719 809 809 888 Petri,
833 808 948 871 abbatis
971 807 1001 870 S.
1016 808 1112 885 Pauli,
1135 809 1167 869 in
1191 808 1227 869 D.
1253 810 1334 871 Cart.
1350 807 1370 884 l,
1386 827 1415 888 p.
1433 827 1506 880 271,

203 899 262 961 No.
281 919 359 978 397:
383 900 428 962 16.
444 899 533 962 Febr.
554 899 675 976 1168.¹)
1434 894 1506 955 429

301 1017 320 1086 ¹)
333 1016 435 1073 Casale
454 1017 571 1073 Avotha
588 1019 642 1073 hoc
656 1015 723 1073 loco
736 1028 873 1073 vocatum
893 1032 956 1071 esse
968 1015 1080 1071 videtur
1102 1015 1195 1085 Bluta,
1215 1015 1295 1070 Blera
1315 1014 1360 1070 vel
1382 1014 1506 1069 el-Blata

203 1087 363 1143 Laodiceae
376 1087 517 1159 adjacens.

290 1247 307 1276 ,‚
354 1201 443 1261 Mart.
460 1234 504 1244 -
520 1200 633 1262 Charta
645 1198 799 1278 Amalrici,
811 1198 996 1280 patriarchae
1008 1197 1291 1280 Hierosolymitani,
1301 1197 1332 1259 in
1344 1197 1381 1258 D.
1392 1199 1473 1260 Cart.
1486 1194 1506 1267 1,

202 1307 230 1369 p.
250 1307 322 1369 257,
337 1289 398 1353 No.
417 1309 489 1369 375.
1436 1282 1506 1344 430

201 1503 229 1564 N
291 1459 308 1491 „
327 1416 442 1565 6Mart.
457 1448 501 1457 —
517 1416 630 1477 Charta
654 1413 792 1492 ejusdem
816 1413 1001 1497 patriarchae
1024 1414 1056 1476 in
1080 1416 1117 1476 D.
1134 1413 1214 1475 Cart.
1231 1413 1251 1486 l,
1274 1433 1303 1494 p.
1322 1413 1507 1560 257-145381,

232 1522 263 1565 ο.
284 1523 322 1582 57
349 1552 355 1565 .

290 1674 307 1702 ,,
352 1627 525 1688 —Charta
556 1626 699 1688 Balduini
730 1627 768 1688 de
800 1627 961 1689 Mirabello
992 1626 1025 1687 in
1050 1627 1088 1688 D.
1111 1627 1192 1688 Cart.
1219 1625 1239 1702 l,
1264 1646 1293 1707 p.
1320 1624 1505 1704 255—256.

200 1714 261 1776 Νο.
280 1736 352 1797 571.
1436 1709 1505 1771 433

289 1885 306 1915 ,,
351 1870 394 1879 -
420 1838 593 1914 Petronilla,
616 1838 677 1900 filia
699 1837 838 1914 Porcelli,
868 1838 942 1899 civis
971 1835 1243 1918 Hierosolymiraui
1273 1835 1403 1918 ejusque
1426 1835 1505 1897 lilius

201 1926 314 2005 Adam,
331 1928 387 2006 qui
403 1927 499 1989 liliam
514 1927 673 1989 Guillelmi
694 1927 831 1991 Grifonis
848 1946 978 1989 uxorem
995 1927 1130 2005 duxerat,
1148 1925 1288 1988 CCCLX
1304 1926 1439 1988 bisantiis
1455 1946 1506 1987 ac·

201 2016 294 2095 ceptis
311 2016 443 2080 domum
461 2016 685 2099 Hierosolymis
701 2018 734 2079 in
749 2036 825 2096 ruga
836 2016 1040 2078 Surianorum
1056 2016 1144 2077 sitam
1156 2015 1307 2097 Hospitali
1322 2015 1506 2077 concedunt.

200 2138 242 2148 —
259 2110 372 2166 Actum
389 2105 516 2168 Giberto
532 2107 677 2186 magistro
694 2106 870 2187 Hospitalis.
887 2105 992 2167 Guido
1009 2107 1047 2167 de
1064 2107 1170 2182 Mauo,
1192 2121 1379 2187 praeceptor,
1394 2105 1506 2167 Castus

200 2192 238 2255 de
254 2194 369 2269 Musol
385 2196 600 2272 thesaurarius,
616 2196 730 2274 Piotus,
746 2210 849 2257 custos
864 2195 1072 2272 infirmorum,
1088 2195 1273 2275 Stephanus,
1289 2195 1506 2256 subthesaura-

200 2281 272 2361 rius,
281 2284 454 2346 Beruardus
462 2285 499 2345 de
509 2285 658 2360 Asinaria,
667 2284 772 2347 fratres
782 2285 964 2368 Hospitalis;
976 2284 1164 2347 Guillelmus
1173 2284 1324 2360 Norman,
1334 2284 1506 2345 Balduinus

200 2371 239 2433 de
256 2372 353 2449 Leun,
369 2373 475 2435 Petrus
491 2374 529 2435 de
546 2375 575 2436 S.
592 2375 718 2450 Lazaro,
734 2375 849 2450 Petrus,
874 2373 956 2436 filius
972 2373 1047 2452 ejus,
1073 2374 1179 2435 Petrus
1195 2373 1233 2433 de
1250 2371 1280 2433 S.
1295 2373 1421 2450 Jacobo,
1438 2372 1504 2435 Ste-

199 2462 323 2541 phanus
348 2461 498 2542 Umberti,
531 2466 685 2525 Robertus
710 2463 860 2538 Forbitor,
891 2465 972 2525 cives
1003 2461 1279 2543 Hierosolymiraui
1304 2463 1351 2537 (D.
1377 2463 1457 2525 Cart
1483 2462 1504 2537 1,

200 2571 229 2631 p.
247 2571 319 2631 255,
335 2552 396 2613 No.
414 2572 492 2632 3⁷23
510 2552 560 2630 lV,
577 2573 607 2634 p.
627 2555 810 2633 248-249,
826 2554 885 2614 No.
905 2572 984 2634 372;
1002 2553 1115 2614 lavent.
1132 2572 1161 2633 p.
1181 2572 1231 2632 57,
1248 2552 1308 2612 No.
1325 2552 1386 2629 ot).
1419 2548 1505 2610 434⁸

289 2723 308 2755 „
352 2709 397 2720 —
413 2676 595 2753 Amalricus,
612 2676 780 2757 patriarcha
796 2674 1107 2757 Hierosolymitanam,
1125 2674 1282 2736 cambium
1297 2674 1376 2735 inter
1388 2675 1504 2756 Hospi-

199 2763 258 2825 tale
273 2781 302 2826 et
318 2765 526 2846 Raynaldum,
543 2765 683 2826 abbatem
700 2765 730 2826 S.
747 2765 862 2827 Mariae
879 2766 1013 2842 Latinae,
1030 2763 1144 2826 factum
1161 2764 1335 2841 confirmat,
1352 2784 1418 2844 quo
1428 2763 1504 2825 illud

199 2853 328 2915 domum
346 2854 659 2935 Hierosolymitanam
684 2855 806 2936 accepit,
834 2856 918 2916 unde
941 2854 1110 2936 patriarcha
1133 2853 1289 2915 censuml
1313 2853 1433 2914 bisantii
1449 2874 1503 2915 an-

198 2943 323 3004 nualem
333 2943 494 3026 recipiebat
502 2946 522 3020 ¹)
538 2943 585 3020 (D.
596 2943 676 3006 Cart.
685 2943 704 3020 l,
721 2963 749 3025 p.
760 2944 901 3024 256,No.
911 2963 990 3025 373;
1008 2942 1121 3004 lnvent.
1138 2964 1167 3025 p.
1188 2963 1237 3022 57,
1253 2943 1313 3005 No,
1329 2941 1391 3021 89).
1417 2936 1505 3001 434¹>

292 3063 311 3133 ¹)
324 3061 515 3118 Confirmatio
530 3063 624 3118 adhuc
637 3079 697 3118 non
711 3075 790 3123 nota.
803 3063 855 3118 sed
868 3061 1008 3117 simillima
1018 3060 1234 3117 confirmationi
1244 3073 1287 3116 est
1297 3060 1410 3131 cambii,
1420 3062 1500 3134 quod

198 3133 303 3188 eodem
315 3132 476 3205 patriarcha
490 3146 635 3189 annuente
648 3134 755 3189 eodem
768 3151 846 3189 anno
860 3133 1009 3204 Hospitale
1022 3132 1132 3205 accepit
1146 3132 1214 3197 (RH.
1228 3132 1284 3187 Νο.
1297 3151 1330 3206 43
1351 3137 1371 3201 ).

286 3293 303 3322 „
348 3248 443 3328 Apud
460 3248 607 3308 Rubeum
625 3248 774 3308 Montem.
791 3280 835 3293 -
850 3247 945 3326 Hugo
962 3247 1114 3309 Charinus
1137 3245 1267 3326 ejusque
1283 3264 1362 3306 uxor
1377 3246 1458 3307 Lora
1475 3261 1504 3308 et

196 3333 284 3395 liberi
299 3336 511 3413 donationem,
527 3355 623 3415 quam
632 3336 733 3398 Chalo
749 3337 788 3397 de
804 3337 943 3398 Avalone
959 3336 1088 3415 ejusque
1105 3354 1184 3396 uxor
1193 3340 1298 3414 Agnes
1310 3335 1348 3396 de
1359 3335 1503 3411 Baruthll

197 3424 350 3505 Hospitali
372 3426 455 3506 apud
477 3426 615 3487 Achram
636 3442 699 3486 tam
722 3426 755 3486 in
778 3425 873 3502 terris,
898 3444 994 3506 quam
1024 3426 1056 3487 in
1087 3423 1274 3486 molendinis
1296 3440 1326 3485 er
1348 3424 1505 3502 domibus,

197 3511 253 3575 CC
269 3515 469 3577 marabutinis
493 3515 632 3596 acceptis,
657 3529 885 3588 concesserunt,
910 3515 1076 3576 confirmat
1101 3513 1197 3591 (Petit,
1221 3513 1299 3574 Hist.
1324 3513 1354 3574 d.
1372 3514 1448 3575 dues
1464 3514 1503 3574 de

196 3602 383 3683 Bourgogne
400 3604 434 3681 ll,
450 3624 478 3685 p.
498 3623 681 3685 324—325,
697 3605 756 3665 Nu.
772 3606 854 3683 462;
872 3604 914 3665 D.
931 3605 1012 3667 Cart.
1029 3604 1048 3681 l,
1066 3623 1083 3664 2
1090 3605 1139 3683 56,
1155 3603 1215 3664 Nn.
1234 3602 1316 3682 374).
1416 3600 1500 3661 4340

288 3727 305 3786 ¹)
320 3722 363 3777 De
377 3722 507 3778 Chalone
522 3725 557 3778 de
570 3723 699 3778 Avalone
713 3721 831 3795 ejusque
842 3739 933 3778 uxore
943 3721 1026 3778 silent
1036 3721 1172 3777 chronica
1183 3733 1211 3777 et
1222 3721 1352 3785 charrae;
1366 3721 1416 3775 sed
1427 3720 1501 3775 Galo

196 3791 315 3864 quidam
328 3792 459 3866 (ejusque
473 3811 545 3849 uxor
558 3797 669 3876 Agnes)
689 3808 877 3865 memoratur,
897 3793 945 3865 qui
966 3793 1107 3865 Hospitali
1128 3793 1221 3848 casale
1241 3792 1410 3847 Recordana
1424 3794 1501 3860 (cnm

197 3863 381 3931 molendinis)
394 3865 505 3921 Acconi
517 3865 642 3920 vicinum
656 3878 859 3921 concesserant
872 3884 907 3938 30
919 3865 993 3921 lulio
1012 3883 1035 3920 11
1043 3884 1078 3937 54
1090 3865 1158 3926 (RH.
1173 3865 1228 3919 No.
1242 3866 1313 3935 293).
1336 3864 1413 3918 Num
1427 3862 1501 3918 forte

195 3934 267 3990 haec
281 3936 430 3992 concessio
446 3938 544 3992 charta
557 3949 656 3993 nostra
669 3936 876 3993 confirmatur?

285 4095 302 4124 „
347 4048 415 4110 Oct.
437 4069 473 4110 12
492 4082 534 4091 -
556 4050 647 4128 1169.
669 4084 713 4092 —
737 4049 890 4132 Epistolae
915 4053 952 4111 ab
978 4051 1155 4112 Alexandro
1178 4047 1215 4109 lll
1241 4049 1278 4109 de
1305 4048 1501 4110 restauranda

194 4136 397 4198 laonensium
413 4137 516 4198 tabula
532 4138 659 4220 scriptae
675 4139 902 4200 confirmantur
924 4139 1060 4221 epistolis
1076 4141 1113 4199 ab
1130 4139 1258 4202 Urbano
1275 4137 1311 4198 lll
1336 4158 1369 4218 ¹3
1390 4137 1501 4198 Martio

201 4226 282 4287 1186
308 4228 433 4308 scriptis,
459 4247 538 4308 quae
564 4246 646 4289 nunc
669 4248 797 4309 quoque
823 4244 939 4290 exstant
963 4229 996 4290 in
1013 4229 1050 4289 D.
1067 4227 1150 4289 Cart.
1168 4227 1189 4303 l,
1204 4248 1234 4309 p.
1252 4246 1326 4307 499,
1349 4227 1409 4289 No.
1428 4246 1502 4373 74Ξὲ

196 4334 271 4393 794.

245 4437 331 4498 1168
348 4440 434 4503 Febr.
453 4443 481 4502 8.
499 4475 542 4484 -
559 4441 695 4523 Epistola
720 4441 887 4502 Alexandri
910 4442 954 4518 lll,
979 4442 1069 4502 Petro
1095 4441 1129 4517 ll,
1154 4439 1185 4505 S.
1211 4439 1373 4520 Sepulchri
1398 4439 1501 4520 priori,

194 4530 305 4610 scripta
321 4529 354 4589 in
371 4530 409 4590 D.
427 4531 508 4593 Cart.
525 4531 545 4607 l,
562 4551 591 4612 p.
611 4550 682 4605 270,
699 4531 759 4592 Νο.
779 4550 851 4610 595.
1432 4526 1502 4586 440

284 4700 300 4730 ,,
345 4653 512 4734 Aprili.-
530 4653 643 4715 Charta
675 4653 809 4731 Galterii,
842 4653 963 4715 domini
993 4653 1233 4727 TiberiadensiS,
1258 4652 1289 4712 in
1315 4651 1351 4713 D.
1377 4650 1457 4711 Cart.
1480 4650 1501 4722 l,

194 4761 224 4823 p.
245 4761 429 4820 271-272,
445 4743 506 4804 No.
527 4744 599 4823 398.
1431 4737 1501 4797 448
