3398 5400
275 376 337 438 330
837 353 1012 426 Regesta

271 571 401 635 scilicet:
420 572 529 651 Gezin‚
555 573 637 652 Esfif,
656 575 683 635 la
699 575 828 652 ludede,
852 575 997 653 Haddris,
1021 576 1149 652 Hazibe,
1173 577 1284 653 Batun,
1300 575 1423 657 Tyrum
1446 575 1578 655 Bikicin,

271 662 443 740 Bennuefe,
469 663 645 746 Elgabetye,
675 664 819 745 Kaytule,
851 664 1069 741 Eschemacha,
1101 665 1235 742 Elcolea,
1266 666 1384 742 Toura,
1416 666 1578 745 Elmizraa,

273 751 452 828 Elhozaein,
485 753 577 831 Niha,
608 753 821 832 Elmecheirle,
852 755 975 833 bether,
1007 753 1165 830 Gebbach,
1198 756 1342 833 Moreste,
1374 755 1579 832 Elmunzura,

273 843 421 918 Raadran,
447 842 640 921 Elchoreibe,
665 843 855 920 Elmohtara,
879 845 1002 921 Butme,
1026 844 1243 922 Elmuchetne,
1270 843 1413 921 Sarsurit,
1441 845 1578 921 Ethchit‚

272 931 397 1008 Beddei‚
413 931 650 1010 Cafernebrach,
668 932 743 994 Deir
758 933 910 1010 Zelarim,
928 933 1197 1012 Mechazerbenni,
1214 933 1360 1010 Be'lhun,
1377 933 1451 995 Deir
1466 934 1579 995 Elcha-

272 1040 347 1098 mar,
365 1021 439 1082 Deir
456 1021 547 1100 Rebe,
565 1021 731 1101 Elbegelie,
749 1022 911 1100 Boocosta,
928 1023 1105 1101 Ezsaronie,
1121 1023 1273 1099 Elkardie,
1292 1023 1419 1084 hortum
1435 1023 1473 1084 de
1490 1023 1579 1085 Besel

272 1129 397 1172 necnon
420 1110 527 1172 omnia
550 1111 733 1191 pertinentia
757 1131 791 1172 ac
810 1110 886 1190 jura.
904 1113 1010 1173 -De
1028 1111 1210 1173 hominibus
1225 1111 1354 1173 Juliani:
1378 1113 1477 1173 Johan
1495 1113 1535 1174 de
1551 1110 1579 1172 la

271 1200 338 1262 Tor
354 1200 609 1278 constabularius,
621 1200 722 1262 Johan
738 1200 870 1262 Harneis
887 1202 1099 1278 marescalcus,
1117 1201 1265 1282 Phelippe
1277 1202 1314 1262 de
1325 1201 1475 1278 Biaufort,
1488 1201 1581 1263 frater

271 1289 394 1365 Juliani,
411 1289 519 1351 loffroi
536 1291 574 1351 de
592 1289 712 1368 Viliers,
737 1291 825 1351 Eude
842 1292 880 1352 de
897 1291 998 1368 Creel,
1016 1291 1186 1371 Maquaire,
1210 1291 1290 1351 Raul
1307 1291 1345 1352 de
1362 1290 1486 1369 Hachif,
1506 1291 1580 1352 Hue

271 1378 310 1529 {lae
336 1378 474 1545 Viliepes,
506 1380 678 1442 Berteleme
710 1381 837 1459 Monge,
869 1380 1017 1460 Phelippe
1044 1380 1159 1441 Hardel
1185 1379 1345 1458 (Strehlke,
1371 1400 1401 1461 p.
1418 1401 1580 1528 90-1-29516,

303 1488 332 1529 o.
356 1488 435 1529 ιιι.

274 1595 276 1602 ·
320 1562 409 1624 1257
426 1567 475 1628 vel
496 1562 586 1624 1258
602 1567 667 1628 Jan.
692 1587 738 1647 ¹5·
772 1567 880 1648 Sayete
898 1566 1034 1645 (gallice).
1059 1599 1102 1610 -
1126 1566 1211 1627 ldem
1234 1567 1384 1628 dominus
1406 1567 1445 1628 de
1469 1565 1580 1648 Sayete

273 1672 302 1716 et
319 1654 464 1716 Beaufort
480 1653 651 1717 Guillelmo
668 1655 868 1734 (Guillaume)
892 1657 930 1717 de
952 1657 1105 1718 Chasteau
1123 1655 1216 1734 Nuef‚
1232 1655 1403 1736 Hospitalis
1420 1655 1579 1735 magistro,

273 1745 298 1805 V
316 1743 453 1805 millibus
469 1743 672 1806 bisantiorum
690 1744 821 1827 acceptis
837 1744 874 1805 lll
890 1745 998 1806 casalia
1019 1745 1051 1807 in
1075 1744 1227 1806 territorio
1250 1745 1376 1806 Sidonis
1399 1744 1454 1806 sira
1477 1744 1580 1825 sigillo

272 1834 415 1896 concedit
431 1832 560 1895 scilicet:
580 1833 748 1912 Maroenie,
765 1833 937 1911 Halalnouf
950 1849 978 1896 et
996 1835 1126 1915 Daraya,
1138 1853 1276 1915 quorum
1292 1835 1431 1916 primum
1447 1834 1480 1895 in
1497 1835 1580 1916 clym

273 1922 370 2000 (valle)
388 1923 534 1984 Essomar
549 1921 666 2001 adjacet
680 1943 788 1985 versus
803 1924 956 1985 orientem
972 1924 1061 1985 casali
1079 1923 1240 1987 Guillelmi
1258 1924 1399 2003 Meingot
1415 1923 1580 1984 nominato

271 2011 366 2089 Zeita,
391 2031 497 2073 versus
521 2011 683 2073 meridiem
706 2013 794 2074 casali
817 2013 954 2095 episcopi
970 2013 1138 2090 Teffahata,
1154 2032 1261 2074 versus
1277 2013 1473 2075 occidentem
1489 2012 1581 2074 casali

272 2101 300 2162 la
317 2101 451 2163 Daordie
469 2101 628 2162 el-Hadidi
646 2117 675 2161 et
691 2122 797 2163 versus
818 2101 1000 2184 aquilonem
1016 2103 1106 2163 casali
1124 2103 1333 2181 Messeigehd;
1356 2102 1534 2163 secundum
1552 2117 1582 2163 et

272 2190 397 2252 tertium
417 2191 449 2251 in
465 2189 542 2251 valle
558 2191 747 2253 el-Ktlrroub
763 2192 819 2252 sita
835 2206 918 2253 sunt.
944 2191 1137 2270 Secundum,
1155 2191 1269 2253 scilicet
1285 2191 1445 2269 Ahanouf,
1462 2189 1581 2270 adjacet

272 2300 379 2342 versus
395 2279 547 2340 orientem
564 2280 653 2340 casali
669 2279 841 2357 Johanlnis)
859 2282 896 2342 de
913 2281 1034 2341 Fenion
1050 2281 1069 2356 ¹)
1095 2280 1256 2343 nominato
1272 2282 1299 2341 la
1316 2280 1455 2356 Geleilie,
1471 2300 1582 2342 versus

272 2370 435 2431 meridiem
451 2370 576 2430 duobus
593 2369 742 2430 casalibus
758 2369 896 2448 Balianli)
913 2371 951 2431 de
969 2371 1108 2448 Mimarz,
1124 2390 1204 2451 quae
1222 2387 1372 2431 vocantur
1387 2370 1416 2430 la
1431 2368 1582 2431 Zahrorie

272 2475 301 2521 et
323 2458 459 2538 Bequifs,
482 2477 588 2520 versus
611 2458 763 2520 orientem
788 2460 876 2520 casali
900 2459 980 2520 Oedi
1004 2459 1217 2522 el-Hammem
1241 2474 1271 2520 et
1286 2479 1393 2520 versus
1417 2459 1581 2520 meridiem

273 2549 362 2610 casali
380 2548 463 2608 dicto
480 2547 614 2609 Hanouf
627 2562 656 2609 et
672 2549 816 2630 Esshym‚
827 2568 934 2609 versus
950 2548 1144 2609 occidentem
1161 2548 1251 2610 casali
1267 2548 1413 2628 Bnrgein,
1431 2549 1519 2629 quod
1536 2562 1582 2610 est

272 2637 393 2698 domini
417 2636 555 2698 Gervasii
579 2636 744 2715 (Gervaise)
767 2642 914 2715 Amoros,
939 2653 967 2699 et
991 2656 1097 2699 versus
1120 2637 1302 2718 aquilonem
1325 2636 1408 2699 dicto
1431 2637 1512 2699 Oedi
1537 2638 1581 2699 el-

273 2727 441 2787 Hbmmem
458 2741 488 2786 et
503 2741 600 2787 terrae
616 2727 738 2788 domini
754 2726 925 2805 Johanlnis)
942 2726 1075 2805 Pisanli).
1107 2727 1165 2787 His
1180 2728 1265 2788 addit
1280 2727 1414 2807 gastinas
1434 2727 1580 2805 Bothma,

271 2816 476 2892 Eclareisson,
494 2816 609 2876 Karbet
625 2815 801 2894 el-Ezairac,
817 2816 1027 2894 chardebess,
1044 2817 1192 2897 Bedagon
1209 2816 1582 2893 el-Hammem,Toreille

272 2903 481 2985 el-Sefargelis
504 2920 534 2966 et
557 2905 750 2987 pertinentia.
769 2906 874 2966 —De
898 2905 1080 2967 hominibus
1102 2905 1231 2967 Juliani:
1258 2906 1360 2966 Johan
1385 2906 1423 2967 de
1449 2905 1477 2965 la
1502 2905 1581 2983 Tor,

272 2994 519 3056 constabularius
535 2995 574 3055 de
590 2994 710 3076 Sayete,
727 2994 827 3056 Johan
844 2995 985 3072 Hameis,
1002 2995 1205 3056 marescalcus
1221 2996 1259 3056 de
1276 2995 1396 3076 Sayete,
1413 2993 1532 3076 Ffelipc
1543 2994 1583 3057 de

195 3091 197 3095 ’
273 3083 429 3163 Beaufort,
446 3084 593 3144 Estienne
609 3085 647 3144 de
665 3084 842 3165 Sauveigni,
859 3084 986 3146 Gautier
1004 3085 1155 3164 Macayre,
1172 3084 1269 3145 Jofroi
1286 3084 1325 3145 de
1342 3081 1462 3162 Viliers,
1479 3084 1584 3145 Johan

273 3173 374 3249 Pisan,
394 3173 494 3235 Johan
511 3172 549 3234 de
567 3173 672 3253 Nibar,
695 3173 797 3234 Johan
819 3174 884 3234 dou
908 3173 1032 3235 Chastel
1056 3172 1215 3249 (Delaville
1233 3173 1260 3234 le
1277 3173 1391 3251 Roulx,
1415 3193 1445 3254 p.
1469 3193 1584 3253 193-

279 3283 347 3342 194,
363 3263 424 3323 N0.
444 3264 501 3335 873
527 3261 564 3323 cf.
582 3282 613 3343 p.
633 3263 783 3342 25-26).
1490 3259 1582 3322 1257

348 3367 368 3431 ¹)
387 3363 481 3418 Alias:
494 3362 634 3433 Femium,
647 3362 770 3434 Fermin,
784 3363 902 3419 Fainon.

355 3490 373 3537 ι,
421 3459 518 3540 April.
536 3464 654 3520 Accon.
671 3493 713 3502 —
731 3459 917 3536 Florentius,
935 3457 1100 3540 episcopus
1117 3458 1320 3536 Acconensis,
1337 3457 1582 3519 conventionem

275 3548 354 3610 inter
370 3549 473 3630 ipsum
496 3566 525 3610 et
547 3547 716 3628 Hospitalis
739 3547 921 3629 magistrum
940 3547 1147 3609 Guillelmum
1171 3548 1209 3608 de
1233 3548 1342 3609 Castro
1365 3566 1449 3608 novo
1474 3546 1585 3608 factam

272 3637 375 3717 sigillo
400 3637 563 3699 confirmat
587 3637 700 3699 scilicet
724 3639 762 3698 de
786 3639 883 3700 domo
906 3635 1076 3717 philippae,
1103 3637 1264 3717 quondam
1292 3636 1397 3698 uxoris
1420 3635 1584 3698 Guillelmi

273 3728 464 3808 Capenegre,
489 3728 521 3788 in
536 3726 605 3789 vico
622 3727 723 3787 balnei
741 3728 772 3788 S.
789 3727 941 3788 lobannis
956 3726 1022 3801 sira,
1040 3725 1090 3787 cui
1108 3726 1240 3787 confinis
1257 3741 1301 3787 est
1319 3746 1334 3786 a
1352 3740 1436 3807 parte
1453 3725 1584 3786 orientis

273 3818 427 3898 quaedam
450 3816 533 3878 curia
557 3816 736 3897 Hospitalis,
761 3831 878 3896 aparte
901 3814 1070 3876 occidentis
1086 3814 1133 3875 via
1150 3814 1283 3895 publica,
1308 3831 1424 3895 aparte
1441 3814 1584 3875 meridiei

274 3906 388 3968 domus
411 3905 590 3987 Hospitalis,
608 3925 688 3985 quae
706 3905 764 3966 fuit
780 3906 951 3986 praedictae
968 3904 1138 3985 Philippae,
1163 3925 1179 3964 a
1197 3919 1280 3985 parte
1297 3904 1517 3986 septentrionis
1536 3904 1584 3964 in·

274 3994 384 4056 troitus
410 3994 580 4076 praedictae
607 3993 708 4055 curiae
734 3994 913 4075 Hospitalis.
939 4028 982 4037 -
1006 3995 1107 4054 Adam
1133 3993 1379 4069 archidiaconus,
1405 3994 1585 4055 Bernardus

273 4100 390 4163 cantor,
402 4084 560 4146 Johannes
570 4084 789 4160 thesaurarius,
798 4083 965 4161 Gerardus,
977 4082 1119 4144 canonici
1131 4087 1329 4143 Acconenses
1340 4082 1435 4159 (Paoli
1445 4082 1466 4160 l,
1477 4102 1507 4165 p.
1520 4084 1583 4145 226

278 4193 393 4251 -227,
411 4175 471 4234 No.
496 4175 571 4253 183;
597 4172 635 4234 cl.
653 4192 683 4254 p.
704 4174 786 4254 542).
1492 4168 1585 4231 1258

356 4326 374 4357 ,,
422 4285 503 4361 Aug.
522 4301 568 4358 ιο,
590 4280 654 4341 ind.
671 4280 722 4342 Xl.
746 4285 853 4342 Accon
872 4279 1010 4360 (gallice).
1027 4313 1071 4322 —
1087 4280 1187 4341 Johan
1205 4279 1360 4354 d’Ybelin,
1378 4279 1528 4340 dominus
1545 4280 1585 4340 de

274 4369 633 4445 Arsur,constabularius
642 4384 671 4430 et
679 4370 820 4431 baillivus
828 4368 1586 4450 regniHierosolymitani‚consensudominorum

275 4459 409 4540 Philippi
426 4461 464 4520 de
482 4459 643 4533 Monrfort,
668 4459 789 4520 domini
807 4459 845 4521 de
862 4459 932 4536 Sur,
956 4458 1126 4535 Johanlnis)
1143 4458 1309 4534 l'Aleman,
1331 4457 1452 4519 domini
1470 4457 1586 4519 Caesa-

274 4568 353 4624 reae,
376 4547 547 4625 Johanlnis)
564 4549 602 4609 de
620 4547 821 4624 Valencenes,
846 4547 967 4608 domiui
989 4549 1027 4608 de
1044 4547 1199 4629 Cayphas,
1224 4546 1329 4608 Jacobi
1352 4546 1469 4627 (laque)
1493 4547 1533 4607 dc
1556 4546 1586 4608 la

275 4636 449 4713 Mandelee,
465 4636 591 4718 Tybaut
607 4638 646 4698 de
663 4639 789 4714 Bessan,
807 4636 965 4714 Simonlis)
983 4636 1021 4697 de
1039 4637 1219 4714 Malembec,
1240 4635 1378 4712 Balianli)
1395 4640 1585 4715 Anteaume,

274 4725 444 4804 Johanlnis)
469 4728 506 4787 de
530 4726 613 4787 Flori
638 4741 668 4786 et
690 4726 822 4788 aliorum
849 4726 1009 4786 vasallium
1036 4725 1109 4787 dicti
1135 4725 1256 4786 domini
1283 4743 1408 4786 necnon
1434 4725 1586 4806 Stephani

276 4815 442 4892 (Estiennel
460 4816 498 4876 de
515 4815 681 4897 Sauvegni,
698 4815 818 4897 syndici
835 4830 866 4876 er
881 4814 1089 4896 procuratoris
1105 4813 1259 4894 signoriae
1270 4814 1585 4896 Hierosolymitanae,

277 4904 450 4985 confirmat,
467 4925 500 4966 se
516 4905 733 4967 communitati
743 4904 958 4967 Anconitanae
974 4923 1030 4986 per
1046 4923 1157 4965 manus
1173 4905 1376 4986 syndicorum
1392 4919 1422 4964 et
1437 4922 1587 4985 procura·
