3398 5400
631 357 711 426 regni
723 356 986 430 Hierosolymitani.
1395 385 1429 446 32
1441 385 1455 444 5

149 579 248 641 dictus
265 578 409 658 ballivus,
427 578 596 641 canonicus
613 577 815 656 Valeniensis,
839 578 1037 640 Raimuudus
1054 578 1203 641 Girardus
1219 581 1372 655 sacerdos,
1390 601 1456 642 ma-

148 669 241 749 gister
256 668 367 731 Simon
382 669 591 732 Cimentarius
608 667 703 745 (Paoli
719 667 741 741 Ι,
759 688 789 749 p.
807 687 881 745 222,
899 667 958 730 No.
978 668 1057 745 180).
1366 667 1457 731 1194

193 783 300 863 (1250
317 786 465 863 exeunt).
482 819 524 829 -
542 785 643 847 Vidua
655 784 745 844 chani
756 785 873 866 Kuyuk
888 784 908 859 ¹)
926 784 1088 845 Ludovico
1098 785 1138 846 III
1149 784 1290 867 imperat,
1303 802 1337 848 ut
1347 786 1458 849 ditioni

148 875 353 938 Tartarorum
369 896 401 937 se
418 874 558 954 subjiciat
575 890 604 935 et
619 873 730 936 tributa
747 874 854 953 mittat,
879 874 1019 954 alioquin
1043 874 1147 956 ipsum
1163 895 1234 937 cum
1252 891 1319 938 toto
1336 876 1457 958 populo

150 963 216 1041 ejus
232 965 454 1047 interemptum
470 964 506 1025 iri
523 963 687 1042 (Joinville,
705 973 924 1044 §491-492;
944 964 1091 1025 Remusat
1102 964 1166 1042 VII,
1185 985 1214 1045 p.
1225 985 1301 1045 424,
1318 967 1379 1027 No.
1391 966 1432 1046 4).
1449 960 1458 1049 ))

149 1055 239 1116 11222
254 1054 416 1135 epistolam
433 1068 665 1135 reportaverunt
679 1053 819 1114 Andreas
836 1054 873 1114 de
890 1052 1109 1133 Longjumeau
1126 1053 1221 1115 etalii
1239 1055 1352 1133 nuntii,
1370 1055 1424 1136 qui
1441 1076 1458 1116 a

149 1164 220 1223 rege
237 1144 274 1205 ad
291 1145 409 1226 Kuyulr
426 1144 564 1205 chanum
581 1142 630 1222 (25
650 1144 715 1204 Jan.
738 1143 830 1221 1249)
846 1143 932 1203 missi
949 1158 1034 1204 erant
1051 1143 1213 1221 (Joiuville,
1231 1153 1245 1214 s
1262 1163 1456 1226 471-474;

149 1234 296 1311 Zarnclre,
314 1234 376 1295 Der
393 1234 555 1314 Presbyter
570 1233 739 1307 Iohannes
757 1252 786 1313 p.
806 1232 956 1310 82-87).
1367 1232 1457 1294 1195

224 1338 244 1403 ¹)
265 1333 321 1404 Qui
336 1334 425 1407 Aprili
444 1333 509 1404 2248
522 1346 653 1388 mortuus
668 1332 759 1388 fuerat
773 1334 921 1399 (Remusat
935 1334 971 1387 VI
973 1351 1020 1405 p.
1033 1351 1171 1407 443,444,
1220 1332 1251 1403 83
1278 1335 1458 1417 Mouradgea

150 1405 297 1462 dOhsson
318 1407 349 1474 II,
369 1424 396 1478 p.
411 1409 490 1486 234);
510 1404 545 1460 cf.
567 1422 652 1476 supra
673 1405 728 1460 No.
746 1423 819 1478 ¹¹47·
852 1376 1012 1486 Nescimus,
1032 1423 1102 1460 num
1123 1407 1208 1478 Kuyu
1249 1405 1458 1477 intelligatura

148 1479 296 1533 Illatthaeo
318 1449 407 1548 Pitris,
427 1496 475 1550 qur
488 1478 546 1546 (IV
565 1478 698 1558 2627-
668 1475 773 1544 -628)
793 1476 914 1546 nuntiat,
934 1476 1008 1532 21222
1029 1475 1327 1558 quadragesimama.
1342 1496 1408 1551 1247
1421 1480 1458 1534 ad

149 1567 248 1620 regern
258 1520 439 1605 Ludovictim
453 1547 532 1603 1th
547 1547 735 1629 parliamento
748 1547 937 1603 constitutum
948 1547 1059 1604 venisse
1072 1549 1258 1630 «mandatum
1269 1548 1342 1631 regis
1353 1551 1457 1605 Tarta-

149 1639 257 1688 rorum‚
271 1634 302 1676 ut
316 1638 342 1677 et
335 1620 430 1677 foret
443 1618 632 1692 subjectus—
635 1619 705 1691 ,qui
719 1636 769 1674 ore
783 1619 935 1675 temerario
950 1632 1036 1691 atque
1050 1619 1174 1701 profano
1189 1637 1220 1675 se
1232 1619 1261 1675 in
1275 1620 1395 1692 epistola
1406 1638 1457 1677 sua

149 1692 248 1748 asserit
265 1691 459 1748 immortalem
473 1705 500 1746 et
514 1708 544 1747 se
558 1708 686 1762 suosque
700 1689 825 1746 affirmat
838 1708 900 1747 esse
915 1708 975 1759 eos,
993 1692 1029 1746 de
1043 1691 1147 1764 quibus
1161 1690 1298 1763 scripturn
1312 1705 1355 1748 est
1356 1696 1457 1765 ,quod

148 1777 253 1819 terram
267 1763 346 1819 dedit
359 1763 504 1819 Dominus
518 1761 579 1818 filiis
594 1762 772 1817 hominum».

192 1864 294 1945 (1251
315 1866 373 1929 Jul.
385 1882 508 1928 exeunt.
526 1861 771 1947 Caesareae).-
783 1865 1456 1948 Robertus,patriarchaHierosolymitanus,

148 1956 288 2033 Blancae,
306 1957 430 2036 reginae
447 1955 604 2032 Franciae,
621 1955 734 2032 scribit,
758 1974 863 2034 regem
880 1955 1077 2016 Ludovicum
1095 1955 1135 2015 III
1152 1956 1334 2017 Caesaream
1352 1956 1457 2018 muni-

147 2046 226 2107 visse
243 2061 272 2107 et
288 2045 367 2107 inter
383 2044 531 2127 Halapiae
548 2044 716 2107 soldanum
733 2059 761 2105 22
781 2043 969 2127 Babyloniae
993 2044 1149 2126 principes
1173 2044 1289 2106 bellum
1314 2061 1456 2107 exortum

148 2155 213 2196 esse
230 2135 354 2211 (Annal.
372 2135 410 2196 de
427 2135 566 2213 Burtou,
585 2154 615 2216 p.
635 2134 719 2214 296).
1367 2132 1458 2195 1196

237 2288 256 2319 ,,
303 2241 391 2303 Febr.
406 2261 457 2321 25.
475 2241 634 2320 Lugduni.
650 2275 685 2284 —
700 2240 900 2302 Innocentius
910 2240 950 2302 IV
961 2240 1166 2318 bellimontis,
1177 2239 1309 2302 diocesis
1319 2241 1456 2323 Tripoli-

147 2347 244 2408 tanae,
262 2346 291 2392 et
307 2331 337 2392 S.
350 2330 501 2393 Samuelis
512 2331 681 2408 abbatibus,
694 2330 906 2392 Cisterciensis
923 2345 953 2391 et
969 2330 1280 2391 Praemonstratensis
1297 2331 1456 2412 ordinum,

148 2436 177 2482 et
199 2420 316 2481 cantori
340 2419 510 2501 Berytensi,
534 2434 701 2501 postquam
724 2418 911 2497 Jlohannes),
935 2419 966 2480 S.
984 2418 1105 2480 Nicolai
1123 2420 1154 2480 12
1172 2438 1290 2480 2222222
1306 2420 1457 2484 Tulliano

148 2509 309 2570 cardinalis
326 2510 487 2586 diaconus,
505 2528 570 2570 rem
587 2507 754 2588 dijudicare
772 2508 956 2589 nequiverit,
973 2527 1108 2586 causam,
1119 2528 1200 2589 quae
1216 2508 1297 2570 inter
1313 2509 1456 2585 (6211121-

148 2619 236 2661 mum
253 2599 318 2677 lli),
345 2597 529 2680 episcopum
555 2599 812 2675 Auteradensem,
838 2614 867 2659 et
892 2597 1071 2673 (Guillelme
1096 2598 1134 2659 de
1161 2598 1191 2659 S.
1210 2598 1350 2677 Dierri?),
1375 2599 1455 2661 vice-

148 2688 330 2768 magistrum
340 2688 512 2769 Hospitalis
522 2687 809 2769 Hierosolymitani,
821 2687 859 2748 de
870 2687 1059 2767 quibusdam
1070 2687 1197 2749 decimis
1207 2703 1354 2767 versatur,
1371 2691 1455 2770 apud

147 2778 293 2854 Betoron,
318 2777 531 2858 Tripolitanae
557 2777 699 2853 diocesis,
725 2777 773 2837 vel
799 2776 897 2858 Byblii
925 2777 1143 2856 inquirendam
1171 2792 1200 2837 et
1224 2775 1455 2855 dijudicandam

147 2867 311 2929 committit
326 2868 450 2946 (Berger
466 2866 500 2945 II,
519 2885 548 2947 p.
569 2884 641 2943 222,
659 2866 719 2927 Νο.
745 2867 849 2945 5229).
1365 2865 1455 2927 1197

236 3019 256 3052 ,,
302 2974 386 3055 Sept.
421 2974 582 3035 Nazareth.
608 3007 652 3016 -
678 2973 848 3052 Hearicus,
880 2972 1132 3054 archiepiscopus
1163 2974 1356 3055 Nazarenus,
1383 2995 1456 3038 cum

148 3064 284 3146 capitulo
310 3065 407 3125 dictae
433 3062 577 3124 ecclesiae
609 3064 647 3124 de
673 3081 807 3124 numero
839 3063 1071 3141 canonicorum,
1103 3061 1219 3142 regula,
1246 3063 1456 3128 oblationibus

148 3173 273 3215 necnon
295 3153 332 3214 de
357 3151 453 3213 casale
477 3152 571 3234 Aylot
594 3169 623 3213 et
646 3151 736 3213 variis
761 3152 963 3233 proventibus
989 3152 1135 3213 convenit
1159 3167 1189 3213 et
1214 3154 1456 3216 conventionem

147 3242 253 3323 sigillis
271 3242 381 3303 munit.
400 3276 444 3285 —
464 3241 619 3303 Hearicus
639 3240 900 3322 archiepiscopus,
921 3240 959 3303 G.
979 3240 1224 3319 archidiaconus,
1242 3243 1350 3304 Petrus
1361 3244 1455 3324 prior,

148 3332 295 3393 Nicolaus
312 3332 480 3413 presbyter,
498 3330 668 3393 Gaufridus
691 3332 859 3413 presbyter,
884 3330 1025 3391 Sanctius
1048 3331 1137 3391 frater
1160 3330 1284 3410 (Berger
1300 3331 1346 3411 III,
1365 3353 1394 3414 p.
1418 3336 1454 3395 18

147 3441 252 3499 -22,
276 3422 338 3482 No.
359 3421 464 3501 5538),
480 3414 490 3504 ))
506 3421 595 3482 Η222
613 3420 853 3482 conventionem
870 3418 1033 3481 confirmat
1055 3420 1256 3482 Innocentius
1273 3421 1313 3483 IV
1332 3442 1369 3502 25
1388 3423 1455 3486 Jan.

154 3530 232 3590 2252
252 3510 337 3586 (ibid.
355 3511 415 3572 No.
437 3511 530 3590 5538)
547 3525 576 3571 et
593 3510 630 3570 de
647 3510 756 3572 eadem
773 3509 941 3586 (Roberto),
958 3507 1144 3589 patriarchae
1161 3509 1456 3592 Hierosolymitan0,

148 3600 430 3676 scribrtttuauo.
452 3600 556 3679 5539)
1365 3599 1456 3662 tras

209 3704 299 3766 1252
317 3704 389 3784 Maj.
408 3708 437 3769 6.
455 3740 499 3750 —
514 3706 629 3787 Joseph
646 3707 684 3767 de
701 3707 818 3788 Cancy,
843 3706 1012 3785 Hospitalis
1028 3706 1221 3768 Acconensis
1237 3708 1454 3788 thesaurarius,

147 3796 272 3858 Galtero
289 3797 326 3857 de
344 3796 374 3858 S.
387 3797 522 3858 Martino
540 3795 670 3873 nuntiat,
683 3796 889 3872 Ludovicum,
900 3815 1005 3874 regem
1017 3795 1171 3874 Franciae,
1183 3816 1268 3858 nunc
1279 3796 1342 3858 fere
1353 3813 1454 3860 totum

147 3906 266 3947 annum
283 3886 450 3947 Caesareae
468 3885 656 3947 muniendae
672 3901 859 3966 occupatum
876 3904 948 3946 cum
966 3884 1159 3966 principibus
1177 3886 1308 3967 Aegypti
1327 3887 1358 3947 in
1376 3887 1454 3950 heb-

148 3975 282 4038 domada
300 3976 433 4056 paschali
455 3975 565 4037 ultimo
588 3994 697 4056 pacem
721 3974 827 4035 fecisse
851 3994 886 4034 ea
909 3975 1099 4052 conditione,
1123 3989 1156 4035 ut
1179 3975 1334 4037 christiani
1359 3991 1454 4037 totam

147 4080 258 4126 terram
269 4064 341 4125 citra
349 4065 516 4127 Jordanem
527 4064 615 4125 sitam
626 4079 776 4141 tenerent,
788 4064 921 4145 exceptis
931 4063 1057 4141 Gazara,
1066 4063 1216 4143 Gibilino,
1224 4064 1455 4145 Grandigerino

147 4171 176 4216 et
192 4155 328 4232 Darone,
345 4155 399 4216 sed
415 4154 584 4216 soldanum
600 4152 748 4235 Halapiae
765 4172 865 4233 usque
876 4154 977 4236 Casey
993 4153 1072 4215 inter
1083 4154 1234 4216 Gazaram
1250 4171 1279 4214 et
1295 4155 1455 4216 Daronem

148 4263 348 4326 progressum
372 4262 445 4305 cum
470 4243 603 4306 exercitu
627 4243 808 4324 Aegyptios,
826 4243 999 4323 quominus
1022 4263 1094 4304 cum
1118 4242 1201 4304 dicto
1225 4263 1295 4323 rege
1321 4243 1455 4321 coujun-

147 4350 303 4413 gerentur,
320 4333 534 4415 impedivisse;
553 4333 591 4394 de
602 4331 709 4394 ceteris
720 4333 851 4410 nuntiat,
862 4332 1104 4394 Turcomannos
1115 4348 1229 4393 terram
1239 4333 1328 4394 Craci
1339 4334 1455 4416 Hospi-

148 4423 215 4483 talis
231 4437 261 4484 et
276 4422 414 4504 Tripolis
431 4423 591 4484 vastavisse
609 4422 795 4500 (Matthaeus
812 4422 905 4501 Paris,
923 4422 1043 4484 Chron.
1062 4421 1132 4500 maj.
1150 4421 1201 4498 VI,
1219 4442 1249 4504 p.
1270 4443 1454 4503 205—207,

148 4514 209 4574 No.
234 4531 308 4588 ¹023
333 4512 370 4574 cf.
388 4513 426 4591 V,
445 4532 474 4593 p.
494 4511 689 4593 305-306).
1365 4510 1455 4572 1199

237 4664 256 4695 .,
302 4619 360 4681 Jul.
379 4624 487 4680 Accon
504 4618 641 4698 (gallice).
658 4652 701 4660 -
718 4618 884 4694 Henrilcus
900 4618 933 4695 I),
950 4637 1003 4679 rex
1019 4618 1115 4700 Cypri
1132 4634 1161 4680 et
1178 4618 1327 4681 domiuus
1342 4620 1454 4682 Hiero-

147 4709 392 4791 solymitanus,¹)
417 4708 590 4771 Guillelmo
613 4706 834 4786 (Guigliaume)
858 4706 1076 4786 Chastelneul,
1102 4707 1270 4789 Hospitalis
1296 4709 1453 4788 magistro,

222 4847 241 4916 ¹)
260 4844 445 4900 Innocentius
463 4845 511 4915 IV,
524 4861 573 4917 qut
590 4843 647 4917 jam
666 4862 696 4916 ¹7
709 4843 761 4899 Jul
780 4862 846 4916 ¹²47
866 4844 1019 4917 (Bergerl,
1039 4844 1094 4899 No
1107 4861 1143 4914 40
1145 4844 1188 4917 52)
1209 4858 1271 4900 222
1276 4843 1369 4925 5Maj.
1388 4845 1454 4915 2248

150 4915 229 4988 libid.
243 4917 299 4974 No.
311 4863 1291 4992 41073901thasqN0.12943,3·.M0nGermEp.11,p401‚No.568⁵)
1305 4933 1454 4973 universos
