3398 5400
265 339 322 406 ¹42
821 311 996 391 Regesta

1324 411 1565 420 .--...--.--

259 538 438 620 Stephanus
455 554 570 618 cantor,
595 539 779 618 Aimericus,
804 538 1000 615 Dominicus,
1021 538 1179 600 lohannes
1195 539 1234 599 de
1251 540 1388 618 Nazaret,
1412 539 1565 615 Enardus,

259 627 440 706 Pandulfus,
454 626 631 690 Willelmus
642 627 844 705 provintialis,
857 626 1072 701 Marcellinus3
1090 628 1128 689 de
1146 627 1261 688 clericis
1271 628 1438 689 Nazareth:
1456 626 1565 690 Geral-

260 717 328 796 dus,
344 717 580 779 archidiaconus
597 718 785 794 Nazarenus,
802 716 963 796 Tibaldus,
981 717 1150 779 canonicus
1167 717 1360 799 Sydonensis
1376 717 1564 798 (Sydonien-

260 806 321 884 sis),
339 807 505 885 lohannes,
522 806 691 869 canonicus
707 807 896 884 Nazarenus,
920 805 1076 868 Galterius
1092 807 1130 867 de
1147 806 1283 887 Capella,
1299 807 1458 868 lohannes
1474 806 1566 868 Cori-

259 895 406 974 tlhlensis,
422 896 578 974 Gibertus,
603 897 779 977 capellanus
802 895 1024 977 archiepiscopi
1049 896 1210 973 Nazareni,
1234 895 1388 956 Jordanus
1412 897 1566 957 Mercator

260 984 408 1062 (Rozie're,
425 1005 454 1066 p.
474 987 658 1065 258-260,
675 986 736 1047 No.
761 986 840 1065 142).
1494 983 1566 1044 530

309 1088 398 1151 1175
415 1092 487 1152 Dec.
503 1094 550 1170 18,
568 1091 631 1152 ind.
641 1091 720 1170 Vll)
733 1092 971 1170 —Balduinus,
982 1091 1131 1152 dominus
1141 1090 1246 1152 casalis
1257 1090 1287 1152 S.
1297 1091 1398 1172 Egidii
1409 1110 1565 1152 consensu

259 1181 364 1242 uxoris
388 1180 572 1262 Stephaniae
597 1198 700 1242 coram
724 1201 833 1243 socero
854 1200 913 1242 suo
930 1181 1067 1259 Roardo,
1085 1181 1250 1241 castellano
1267 1181 1564 1262 Hierosolymitan0,

262 1271 397 1346 Petrum,
415 1269 548 1351 priorem
568 1270 598 1332 S.
616 1270 789 1351 Sepulchri,
806 1271 844 1332 de
861 1273 968 1331 abbate
985 1270 1102 1331 Montis
1118 1270 1246 1331 Thabor
1270 1270 1382 1330 domos
1398 1289 1432 1330 ac
1449 1269 1564 1347 vineas,

260 1380 337 1441 quas
353 1359 436 1420 idem
454 1375 626 1421 conventus
643 1360 673 1420 in
692 1360 774 1420 dicto
791 1359 881 1421 casali
899 1360 1017 1436 habuit,
1044 1359 1153 1420 emisse
1171 1358 1344 1420 confirmat.
1359 1393 1398 1401 -
1409 1359 1564 1437 Roardus,

260 1448 443 1510 castellanus
459 1449 770 1530 Hierosolymitanus,
782 1449 949 1510 Anselmus
966 1450 1003 1510 de
1020 1448 1100 1527 Brie,
1118 1449 1238 1531 Symon
1255 1449 1292 1509 de
1310 1447 1480 1526 Bethleem,
1499 1453 1565 1508 An-

260 1540 347 1600 dreas
364 1538 403 1599 de
419 1538 548 1619 Caypha
564 1537 692 1614 milites;
711 1538 880 1601 Gaufridus
896 1538 1103 1616 Turonensis,
1122 1538 1275 1599 Robertus
1292 1539 1330 1599 de
1347 1537 1566 1616 Pinkenliaco),

259 1628 417 1689 lohannes
427 1627 608 1704 Raimundi,
621 1627 799 1689 Willelmus
809 1628 971 1703 Patronus,
984 1627 1180 1709 Radulphus,
1192 1627 1282 1688 frater
1292 1626 1454 1703 Willelmi,
1465 1627 1565 1687 archi-

260 1717 397 1798 episcopi
416 1716 575 1798 Tyrensis,
599 1717 775 1779 Bernardus
798 1718 897 1794 Proet,
922 1717 1074 1778 Arnulfus
1097 1717 1134 1778 de
1158 1716 1361 1794 Mahomeria,
1385 1715 1566 1794 Glularinus

260 1805 485 1887 Neapolitanus
502 1806 539 1867 de
549 1807 695 1888 Templo,
713 1807 849 1867 serviens
865 1806 1010 1867 dominae
1027 1806 1150 1885 reginae
1163 1806 1276 1867 Mariae
1293 1805 1446 1882 (Roziere,
1458 1825 1488 1886 p.
1502 1825 1564 1885 257

259 1898 379 1975 -258,
397 1896 457 1957 No.
476 1914 551 1975 ¹4¹3
569 1895 642 1957 Lois
660 1894 718 1975 [ed.
736 1894 889 1976 Beugnot]
907 1896 941 1973 ll,
960 1915 989 1977 p.
1010 1916 1082 1976 531,
1100 1896 1161 1957 No.
1178 1915 1237 1975 473
1256 1895 1374 1974 Migne,
1392 1915 1421 1976 p.
1439 1914 1567 1973 1229-

266 2004 357 2066 1230,
374 1985 435 2046 N0.
453 1985 532 2065 141).
1495 1982 1562 2043 531

335 2080 355 2146 ¹)
374 2076 494 2132 lndictio
509 2077 631 2149 quadrat
643 2076 672 2132 in
690 2077 720 2132 18
733 2078 801 2132 Dec.
820 2095 894 2149 ¹¹7²·

342 2218 361 2247 „
407 2216 415 2247 ,
433 2170 497 2233 ind.
510 2171 586 2232 Vlll.
604 2205 648 2215 —-
664 2171 771 2249 Jotius,
790 2170 955 2253 episcopus
972 2171 1174 2248 Acconensis,
1182 2172 1202 2250 ¹)
1219 2186 1249 2232 et
1264 2172 1432 2250 Josbertus,
1449 2171 1566 2253 Hospi-

260 2259 326 2322 talis
344 2261 495 2340 magister,
512 2261 752 2322 controversiam
770 2261 850 2321 inter
866 2261 1026 2321 ecclesiam
1042 2261 1072 2322 S.
1082 2262 1191 2323 Crucis
1202 2261 1394 2323 Acconensis
1410 2277 1439 2322 et
1449 2261 1566 2342 Hospi-

260 2350 326 2412 talis
350 2351 387 2411 de
412 2350 517 2411 multis
542 2348 661 2428 juribus
686 2348 895 2410 ecclesiasticis
921 2365 1094 2410 versantem
1119 2351 1289 2431 disceptant
1314 2366 1343 2412 et
1368 2351 1566 2432 disceptatam

259 2439 367 2520 sigillis
384 2439 577 2500 confirmant.
595 2473 639 2483 -
656 2437 790 2500 Rufinus
806 2439 1051 2516 archidiaconus,
1076 2438 1332 2501 Bartholomaeus
1348 2438 1565 2518 thesaurarius,

261 2530 447 2610 Stephanus,
471 2528 554 2606 Odo,
577 2529 720 2607 magister
737 2529 843 2608 Hug0,
867 2529 1010 2608 magister
1027 2529 1213 2607 Monachus,
1237 2529 1382 2608 magister
1398 2529 1565 2602 Salomon;

261 2618 299 2680 de
316 2618 458 2680 fratribus
475 2617 659 2698 Hospitalis:
677 2618 853 2678 Bernardus
869 2618 963 2698 prior,
978 2618 1114 2681 Garinus
1131 2634 1320 2699 praeceptor,
1333 2618 1511 2680 Willelmus
1527 2619 1567 2679 de

260 2708 343 2786 Acir,
356 2707 544 2786 Willelmus,
568 2708 652 2788 prior
668 2706 701 2767 in
723 2713 840 2785 Acc0n‚
859 2706 949 2767 frater
965 2709 1146 2788 Castaneus,
1164 2708 1255 2769 frater
1270 2708 1426 2771 Gerardus
1441 2708 1567 2770 thesau-

261 2797 368 2875 rarius,
378 2797 468 2857 frater
477 2796 646 2859 Garnerius
657 2796 695 2857 de
706 2795 830 2858 Gibelin
841 2796 936 2873 (Paoli
948 2796 969 2876 l,
979 2816 1007 2877 p.
1021 2799 1158 2877 59-60,
1169 2798 1229 2859 No.
1243 2819 1280 2878 59
1290 2817 1298 2874 ;
1310 2798 1348 2859 cf.
1358 2818 1388 2879 p.
1401 2798 1483 2878 504).
1495 2794 1567 2856 532

336 2902 356 2966 ¹)
376 2900 419 2953 De
432 2914 492 2970 quo
506 2895 643 2952 Rbhricht
656 2896 684 2950 in
697 2897 809 2951 ZDPV.
820 2897 855 2967 X,
869 2914 895 2969 p.
908 2913 957 2967 20;
976 2896 1099 2969 sigillum
1112 2897 1241 2971 ejusdem
1255 2897 1290 2953 cf.
1304 2898 1332 2953 in
1346 2898 1442 2953 Revue
1456 2896 1566 2953 numis-

263 2982 339 3035 mat,
353 2970 387 3024 lll
401 2967 472 3040 Ser,
486 2969 532 3039 Vl,
546 2985 572 3040 p.
585 2969 647 3041 469.
667 2969 759 3023 Antea
773 2967 867 3023 fuerat
880 2967 1036 3024 canonicus
1050 2968 1236 3025 Acconensis.

342 3109 361 3142 ,‚
407 3098 450 3108 —-
467 3063 649 3142 Balduinus,
674 3064 821 3125 dominus
845 3065 1017 3143 Ramensis,
1042 3084 1197 3126 consensu
1221 3065 1326 3126 uxoris
1342 3065 1521 3126 Helisabeth
1539 3081 1568 3126 et

262 3153 360 3214 fratris
369 3153 516 3229 Barisani,
530 3152 680 3234 Hospitali
698 3173 752 3235 per
769 3172 897 3215 manum
909 3154 1039 3216 Josberti
1056 3155 1191 3234 magistri
1201 3155 1376 3216 lohannem
1388 3154 1566 3236 Syrianum,

261 3244 423 3323 quondam
440 3242 567 3305 Cafferri
584 3243 817 3324 cysternarium,
842 3263 913 3304 cum
938 3244 1086 3305 omnibus
1111 3244 1175 3306 suis
1192 3245 1354 3324 utriusque
1371 3263 1461 3305 sexus
1477 3244 1567 3304 here-

261 3333 352 3394 dibus
369 3332 465 3393 donat
481 3347 510 3393 et
526 3332 627 3412 sigillo
643 3331 815 3393 confirmat.
840 3366 883 3376 —
906 3333 1081 3410 Barisanus,
1106 3333 1196 3395 frater
1218 3333 1374 3410 Balduini,
1398 3334 1566 3410 Aubertus,

261 3421 514 3500 consanguineus
522 3420 676 3499 Balduini,
685 3421 827 3500 lacobus,
837 3423 921 3484 Caco
931 3422 1102 3483 vicecomes
1113 3422 1207 3499 (Paoli
1218 3423 1238 3501 l,
1247 3443 1276 3503 p.
1290 3425 1339 3503 58,
1351 3423 1411 3484 No.
1425 3423 1484 3502 57).
1497 3420 1568 3482 533

342 3575 361 3606 „
406 3563 450 3573 —
467 3530 583 3606 Petrus,
601 3528 683 3591 filius
700 3530 779 3590 Petri
797 3530 835 3591 de
852 3531 960 3608 Caors,
982 3551 1109 3592 assensu
1126 3530 1281 3592 Rainaudi
1298 3547 1327 3592 et
1343 3531 1491 3611 Hugouis
1508 3530 1568 3591 fra-

261 3634 342 3680 trum
361 3634 479 3701 partem
503 3618 677 3680 hereditatis
700 3639 774 3680 suae
797 3619 1099 3701 Hierosolymitanae
1124 3635 1185 3680 tam
1203 3620 1235 3680 in
1252 3620 1399 3681 domibus
1416 3639 1511 3701 quam
1529 3620 1567 3681 de

261 3709 396 3789 quadam
420 3707 548 3787 gastina,
565 3728 645 3789 quae
668 3723 743 3769 sunt
766 3709 798 3769 in
821 3709 890 3770 vico
913 3709 1031 3770 Montis
1048 3709 1134 3787 Sion,
1162 3710 1242 3770 fratri
1265 3728 1324 3770 suo
1350 3709 1568 3772 Clarembaldo

262 3797 441 3859 Lbisantiis
457 3797 578 3873 vendit;
603 3797 718 3858 domus
734 3813 837 3859 autem
858 3799 932 3859 istae
956 3798 1003 3859 his
1026 3798 1165 3860 terminis
1187 3798 1505 3879 circumsaepiuntur:
1530 3801 1568 3859 ab

261 3887 379 3948 oriente
401 3887 498 3948 domo
516 3886 666 3948 Willelmi
690 3887 802 3948 Patron
820 3903 848 3948 et
863 3887 982 3967 gastina
1004 3888 1167 3968 praedicta,
1191 3889 1288 3949 domo
1312 3888 1445 3949 Alberici
1470 3888 1568 3964 Parvi,

260 3976 308 4036 via
325 3976 447 4057 publica
464 3975 653 4058 interposita,
676 3996 693 4036 a
709 3977 837 4037 meridie
854 3977 950 4038 domo
967 3977 1047 4038 Evae
1064 3977 1238 4038 Plachariae
1263 3978 1351 4053 (inter
1370 3978 1447 4038 duas
1464 3992 1568 4037 autern

260 4066 374 4127 domos
391 4063 484 4143 hujus
501 4065 669 4146 emptionis
685 4064 811 4126 interest
827 4065 951 4145 domus,
969 4086 1049 4147 quae
1067 4067 1124 4127 fuit
1139 4067 1265 4128 Jordani
1283 4065 1415 4144 Clerici),
1433 4068 1470 4127 ab
1487 4065 1569 4128 occi-

260 4155 353 4216 dente
379 4155 525 4216 domibus
551 4155 728 4217 Boamundi
748 4154 845 4231 ssufli,
869 4155 956 4216 Obae
980 4155 1180 4234 Cementarii,
1204 4156 1284 4216 Petri
1308 4156 1345 4217 de
1369 4155 1415 4217 Ve
1439 4155 1569 4236 ejusque

262 4245 401 4325 fratrum,
425 4265 442 4304 a
458 4244 667 4325 septentrione
692 4244 839 4306 domibus
856 4245 935 4305 Petri
952 4245 990 4306 de
1007 4244 1052 4306 Ve
1069 4260 1099 4306 et
1115 4245 1243 4307 fratrum
1267 4244 1416 4323 ejusdem.
1449 4245 1569 4306 Divisio

260 4350 363 4395 autem
380 4333 516 4414 gastinae
533 4334 600 4395 talis
621 4349 681 4394 est:
706 4334 799 4395 habet
821 4333 905 4395 enim
928 4336 966 4395 ab
989 4334 1107 4396 oriente
1132 4334 1244 4394 domos
1267 4334 1405 4396 Rohardi
1421 4334 1518 4395 Toset
1541 4350 1570 4395 et

261 4424 342 4484 viam
352 4442 441 4484 arcus
451 4423 547 4485 Judae
564 4423 595 4484 in
612 4423 728 4502 medio,
745 4423 979 4504 aseptentrione
991 4424 1104 4485 domos
1115 4423 1266 4484 Willelmi
1277 4425 1401 4502 Patron,
1412 4445 1428 4484 a
1440 4423 1569 4485 meridie

261 4513 394 4574 Alberici
420 4512 518 4592 Parvi,
550 4513 598 4573 via
624 4512 813 4593 interposita,
839 4515 876 4572 ab
902 4513 1061 4574 occidente
1086 4514 1199 4575 domos
1228 4512 1323 4592 hujus
1348 4513 1515 4594 emptionis
1541 4528 1570 4573 et

261 4602 394 4664 domum
411 4601 537 4663 Jordani
553 4601 676 4683 Clerici,
693 4602 741 4662 via
757 4600 818 4680 jam
835 4602 914 4663 dicta
931 4603 1048 4664 Montis
1067 4602 1145 4664 Sion
1161 4601 1368 4680 interjacente.
1394 4604 1480 4664 Haec
1496 4621 1570 4664 vero

262 4691 402 4753 venditio
413 4690 488 4751 lacta
505 4706 550 4752 est
565 4691 597 4753 in
613 4693 704 4774 plena
715 4692 799 4752 curia
810 4710 914 4753 coram
925 4691 1085 4771 Rohardo,
1096 4690 1261 4753 castellano
1272 4691 1570 4774 Hierosolymitan0,

260 4780 649 4860 BemardoBroet,castelli
660 4781 817 4861 magistm,
825 4797 854 4842 et
862 4779 966 4858 juratis
977 4781 1159 4843 civitatis-
1168 4781 1323 4843 Robertus
1334 4782 1372 4843 de
1383 4781 1571 4863 Pinquenni,

262 4870 432 4933 Gaufridus
458 4871 513 4931 des
537 4870 630 4950 Tors,
656 4870 766 4932 Simon
791 4871 900 4950 ludex,
927 4871 1109 4933 lambertus
1134 4871 1316 4951 Patriaccha,
1334 4873 1387 4934 W.
1411 4872 1449 4933 de
1473 4873 1570 4951 Ponz,
