3398 5400
613 371 693 444 regni
706 371 968 446 Hierosolymitani.
1381 379 1441 458 283

139 465 379 476 ἢ

139 593 177 654 de
194 593 375 675 Courtenay
391 609 420 655 et
436 593 578 673 Drogoni
595 595 633 655 de
652 593 778 655 Marlois
802 595 833 654 in
850 594 978 655 Terram
1003 592 1146 655 Sanctam
1170 593 1352 674 profecturis
1375 611 1446 652 sua-

141 683 225 761 dent,
243 702 282 744 ne
299 684 460 744 occasione
478 697 602 761 treugae
621 683 798 764 passagium
815 683 966 758 differant,
979 701 1078 763 quum
1090 683 1248 743 Sarraceni
1266 681 1362 763 ipsam
1380 699 1445 740 non

140 773 306 847 tenuerint,
330 772 384 832 sed
408 773 512 854 plures
536 773 716 854 peregrinos
739 773 876 853 ceperint
900 773 947 833 vel
971 772 1150 847 occiderint,
1176 788 1209 833 ut
1230 769 1381 832 Massiliae
1399 769 1446 830 ch

138 862 254 921 Ianuae
272 881 365 922 naves
381 862 547 923 ascendant
563 878 592 922 et
608 861 789 923 Nimocium
807 862 839 922 in
856 862 956 923 insula
967 862 1073 942 Cypro
1084 862 1286 943 appellantur,
1304 859 1357 920 ubi
1373 878 1446 919 cum

140 949 291 1030 praelatis,
309 950 461 1030 magistris
471 953 505 1011 'et
521 951 691 1012 baronibus
706 951 820 1012 Terrae
838 951 966 1012 Sanctae
984 951 1163 1026 deliberent,
1182 969 1257 1010 num
1276 950 1309 1009 in
1326 948 1446 1029 Syriam

140 1040 188 1100 vel
205 1040 377 1101 Damiatam
394 1040 457 1100 sive
474 1039 693 1101 Alexandriam
711 1039 953 1121 proficiscantur,
972 1054 1001 1100 et
1018 1040 1075 1120 ipsi
1092 1039 1212 1100 cibariis
1228 1038 1356 1100 recreari
1373 1057 1446 1118 pos-

139 1128 210 1205 sint,
228 1129 405 1209 praesertim
423 1148 522 1210 quum
541 1149 557 1189 a
575 1130 712 1190 dominis
722 1129 837 1190 Terrae
848 1129 975 1190 Sanctae
994 1129 1191 1189 interdictum
1202 1128 1302 1203 fuerit,
1314 1147 1353 1188 ne
1364 1143 1446 1186 extra

140 1232 252 1279 terram
268 1217 379 1278 cibaria
396 1219 594 1279 extrahantur
610 1218 770 1295 (Martene,
788 1218 940 1280 Thesaur.
960 1219 980 1295 I,
1001 1239 1031 1300 p.
1055 1236 1285 1298 rora-10133
1311 1217 1348 1277 cI.
1367 1216 1445 1276 Hist.

139 1307 193 1368 litt.
212 1308 250 1368 de
268 1308 294 1368 la
312 1308 428 1369 France
438 1308 518 1384 XXI,
535 1328 565 1389 p.
579 1310 769 1387 789—7902
788 1307 943 1369 D'Arbois
959 1309 996 1369 de
1013 1307 1207 1384 Jubainville,
1225 1307 1303 1367 Hist.
1322 1307 1351 1366 d.
1370 1306 1447 1365 ducs

140 1413 168 1457 et
184 1397 214 1457 d.
232 1413 350 1458 comtes
366 1397 404 1457 de
421 1398 625 1478 Champagne
639 1398 675 1473 V,
687 1418 716 1479 p.
731 1398 804 1478 365,
822 1397 882 1458 No.
897 1416 999 1477 2479;
1017 1397 1094 1458 Bibl.
1113 1396 1152 1457 de
1168 1396 1276 1457 I'e'cole
1287 1397 1317 1456 d.
1329 1395 1447 1456 chartes

147 1487 237 1563 1872,
254 1505 284 1567 p.
308 1507 377 1567 174,
396 1487 456 1547 No.
482 1505 556 1561 1723
575 1486 727 1547 Rbhricht
744 1486 775 1548 in
792 1486 918 1547 Forsch.
943 1488 1035 1564 1886,
1053 1507 1083 1568 p.
1102 1507 1154 1565 99,
1172 1487 1233 1547 No.
1253 1486 1291 1561 a).
1357 1481 1446 1542 1083

202 1606 291 1669 1238
306 1610 386 1671 Nov.
402 1630 449 1690 ¹4·
460 1643 503 1653 -
515 1609 759 1688 hIeIecheladen,
768 1610 788 1687 ¹)
799 1611 949 1671 soldanus
960 1611 1103 1691 Aegypti,
1114 1609 1241 1671 Venetis
1252 1628 1307 1690 per
1317 1627 1446 1668 manum

141 1698 254 1760 Romei
272 1698 408 1774 Quirino
426 1715 455 1759 et
471 1699 575 1760 Jacobi
591 1700 721 1760 Barocio
738 1700 911 1778 legatorum
929 1699 960 1759 in
978 1714 1043 1760 toto
1067 1719 1164 1779 regno
1180 1718 1239 1760 suo
1256 1696 1336 1758 varia
1353 1697 1446 1778 privi-

140 1788 217 1868 legia
234 1789 375 1849 concedit
392 1803 420 1848 et
437 1788 600 1849 confirmat
617 1789 872 1864 (TafeI-Thomas
889 1789 923 1866 II,
941 1809 971 1870 p.
992 1809 1007 1869 3
1014 1790 1106 1869 36—-
1116 1809 1189 1869 341,
1214 1788 1275 1849 No.
1295 1803 1374 1866 294;
1399 1786 1447 1847 De

141 1878 207 1938 Mas
224 1877 334 1955 Latrie,
351 1878 471 1938 Traite's
488 1878 525 1938 de
543 1878 622 1959 paix,
646 1877 749 1959 suppl.
768 1898 797 1959 p.
818 1879 971 1956 76-77,
997 1879 1057 1938 No.
1077 1897 1112 1950 2;
1147 1877 1295 1938 Archives
1314 1876 1344 1937 d.
1363 1875 1446 1936 miss.

139 1966 269 2028 scientis.
281 1967 316 2042 II,
328 1987 357 2048 p.
373 1986 562 2048 372—3733
581 1967 618 2028 cf.
632 1967 794 2044 MarinVl,
807 1988 836 2049 p.
851 1986 1041 2048 337—3393
1060 1967 1152 2049 Heyd
1169 1967 1190 2044 I,
1208 1986 1286 2049 p.41
1301 1966 1335 2042 r).
1358 1961 1448 2023 1084

216 2073 235 2135 ¹)
255 2068 342 2123 Italia
356 2067 465 2122 al-Adil
477 2069 509 2122 11.

183 2175 195 2250 (
234 2218 252 2249 ,‚
299 2170 569 2251 l).-Gregorius
580 2173 620 2233 IX
632 2173 860 2254 M.,priorissae
878 2174 908 2235 S.
920 2174 1033 2235 Mariae
1050 2189 1080 2234 et
1096 2173 1249 2234 Omnium
1262 2173 1447 2234 Sanctorum

141 2263 327 2339 Acconeusi,
351 2262 455 2323 Iocum
473 2261 646 2337 confirmat,
672 2262 704 2322 in
728 2282 793 2343 quo
817 2263 948 2344 praefata
972 2264 1097 2324 ecclesia
1120 2263 1158 2322 ab
1182 2261 1316 2339 Alalice),
1342 2262 1447 2340 regina

140 2350 246 2432 Cypri,
256 2350 369 2412 collato
377 2352 415 2412 ad
424 2352 578 2412 honorem
587 2351 617 2412 S.
626 2352 739 2413 Mariae
750 2353 953 2434 Aegyptiacae
964 2372 1119 2414 consensu
1131 2352 1268 2433 episcopi
1278 2351 1447 2432 Paphensis

141 2442 241 2501 bonae
258 2440 427 2501 memoriae
443 2439 594 2502 aedificari
610 2440 731 2522 incepta
743 2441 810 2518 fuit,
821 2442 933 2502 deinde
946 2442 1168 2502 monasterium
1186 2441 1217 2502 S.
1228 2442 1342 2502 Mariae
1353 2442 1447 2502 trium

140 2531 322 2590 umbrarum
340 2529 372 2590 in
389 2530 568 2610 episcopatu
580 2530 736 2611 Lyddensi
755 2550 851 2611 prope
868 2531 1019 2592 civitatem
1031 2530 1271 2591 Ramathensem
1289 2551 1360 2592 cum
1378 2549 1447 2611 per-

141 2618 287 2696 tinentiis,
298 2618 430 2679 domum
443 2620 474 2679 in
486 2619 637 2680 suburbio
647 2620 794 2700 Joppensi
813 2639 909 2702 prope
926 2636 1057 2702 portam,
1070 2640 1131 2701 qua
1148 2619 1208 2680 itur
1219 2619 1447 2700 Hierosolyma,

141 2708 276 2787 domum⁹
296 2708 450 2783 Nicosiae,
474 2729 509 2768 ex
533 2709 620 2769 dono
644 2709 772 2786 Baliani,
796 2709 916 2770 domini
940 2709 1145 2786 Sidoniensis,
1166 2710 1278 2770 domos
1302 2726 1330 2770 et
1347 2726 1447 2770 curtes

140 2796 351 2874 Sidonienses,
377 2803 501 2858 Accone
517 2817 553 2857 ex
570 2798 656 2858 dono
673 2797 836 2859 Guarnerii
861 2798 1028 2859 Alemanni
1051 2817 1195 2859 annuum
1218 2799 1372 2860 redditum
1390 2798 1448 2859 XX

141 2886 320 2947 modiorum
331 2886 488 2964 frumenti,
497 2887 609 2947 domos
621 2887 652 2946 in
664 2888 739 2947 urbe
747 2887 869 2968 Tripoli
880 2908 916 2948 ex
927 2890 1013 2949 dono
1023 2887 1173 2969 praefatae
1184 2888 1306 2967 regInae
1318 2887 1448 2968 ejusque

141 2974 194 3036 filii
218 2975 312 3054 regis,
344 2990 410 3036 tum
435 2976 516 3037 XLII
540 2976 663 3036 modios
690 2976 847 3052 frumenti,
873 2977 1026 3039 CCLXVI
1051 2992 1192 3037 metretas
1215 2977 1290 3055 vini,
1318 2977 1446 3037 totidem

139 3079 222 3125 rotas
238 3065 326 3142 casei,
337 3065 463 3126 LXXVI
480 3065 712 3144 leguminorum
731 3065 863 3142 modios,
881 3066 952 3128 XIX
968 3067 1019 3126 risi
1037 3066 1171 3144 modios,
1182 3067 1268 3127 XCV
1280 3067 1340 3128 olei
1357 3081 1447 3141 rotas,

139 3154 294 3215 XXXVIII
311 3170 392 3215 rotas
414 3155 544 3232 zuccari,
571 3154 625 3215 XII
648 3171 729 3216 rotas
752 3156 961 3229 candelarum,
986 3156 1036 3217 LII
1060 3172 1140 3216 rotas
1165 3156 1301 3237 saponis,
1329 3156 1446 3216 MXCII

140 3243 288 3304 bisantios
315 3244 401 3304 albos
425 3244 457 3303 iu
481 3243 651 3304 redditibus
677 3243 804 3305 civitatis
829 3260 858 3306 et
883 3245 1027 3306 territorii
1053 3245 1222 3326 Paphensis
1249 3245 1447 3326 percipienda

140 3331 311 3408 confirmat,
323 3350 416 3414 prout
433 3333 464 3393 in
483 3333 578 3415 ipsius
594 3334 674 3412 regis
690 3334 792 3394 charta
810 3334 932 3415 plenius
950 3336 1126 3396 continetur
1142 3335 1350 3413 (UgheIIIVII,
1362 3355 1391 3416 p.
1406 3354 1445 3413 39

139 3438 242 3500 -4a;
260 3423 408 3500 Potthast,
426 3423 485 3486 No.
502 3423 586 3500 1069
593 3442 626 3502 53
645 3422 681 3485 cf.
699 3423 850 3484 Rbhricht
866 3424 899 3485 in
915 3424 1032 3485 ZDPV.
1044 3425 1082 3503 X,
1094 3443 1124 3505 p.
1139 3425 1334 3505 229—230).
1357 3421 1446 3482 1085

202 3543 291 3606 1239
306 3547 372 3607 Jan.
393 3567 444 3627 24,
469 3547 532 3608 ind.
550 3548 613 3611 XII.
645 3548 731 3629 TyrI.
756 3581 800 3593 —
823 3549 992 3610 Riccardus
1016 3548 1219 3627 Filaugerius,
1244 3550 1447 3611 marescalcus

139 3635 305 3716 imperialis
322 3652 351 3696 et
367 3637 453 3715 regni
473 3636 748 3719 Hierosolymitani
771 3636 904 3716 bajulus,
928 3637 1030 3717 sigillo
1053 3637 1226 3716 confirmat,
1251 3638 1445 3700 Sitalmelech

139 3724 323 3803 (Sitalmale),
356 3724 450 3785 filiam
477 3727 640 3804 quondam
665 3727 863 3788 Abdelmesie
889 3727 1023 3804 Suriani,
1050 3725 1179 3808 ejusque
1206 3726 1286 3788 lilios
1313 3729 1447 3789 Munsur

139 3812 291 3891 (Monsur)
309 3830 337 3875 et
354 3814 483 3875 Siliman
494 3814 632 3892 (Silman)
650 3834 753 3876 coram
771 3836 802 3876 se
820 3833 849 3877 et
865 3815 1048 3877 homiuibus
1064 3817 1153 3895 ligiis,
1171 3816 1284 3877 scilicet
1302 3817 1446 3898 Philippo

139 3902 177 3963 de
189 3902 358 3982 Malgastel,
370 3903 545 3965 Guarnerio
555 3904 756 3966 Theutonico
773 3904 882 3965 domui
892 3905 1164 3966 Theutonicorum
1176 3922 1316 3985 quartam
1330 3923 1446 3987 partem

138 3992 243 4052 casalis
260 3992 389 4054 Cabesie
406 3992 556 4071 (Cabecie)
573 3994 670 4056 CCVI
687 3993 825 4055 bisantiis
846 3994 1021 4056 vendidisse
1039 4011 1068 4055 et
1084 3994 1181 4075 ipsIus
1204 4011 1329 4076 quartae
1353 3995 1446 4076 partis

138 4081 270 4142 sasinam
288 4082 369 4142 fratri
381 4082 549 4142 Deutisalvi
567 4082 604 4143 de
622 4082 686 4164 ipsa
704 4084 801 4144 domo
812 4102 869 4165 pro
882 4083 989 4145 eadem
1001 4085 1099 4145 domo
1111 4084 1231 4144 dedisse
1245 4084 1266 4162 ¹)
1285 4084 1444 4162 (Strehlke,

138 4190 168 4251 p.
186 4172 327 4248 67—68,
344 4171 406 4232 Νο.
425 4173 483 4250 85;
508 4171 545 4233 cf.
564 4191 593 4253 p.
619 4173 697 4252 124).
1355 4171 1445 4234 1086

214 4274 231 4341 Ι)
251 4273 282 4326 P.
301 4289 349 4342 ¹²4
362 4272 490 4328 additur:
505 4271 687 4329 confirmatio
702 4272 792 4328 Rauili
805 4272 951 4346 Tyrensis.

227 4423 246 4454 „
293 4378 381 4439 Febr.
406 4383 523 4439 Accon.
541 4413 584 4420 —
601 4378 761 4454 Girardus,
786 4378 930 4440 ecclesiae
955 4379 1073 4440 Montis
1097 4378 1184 4459 Syon
1208 4380 1310 4457 abbas,
1334 4380 1445 4442 domui

138 4467 410 4529 Theutonicorum
427 4468 539 4549 petiam
557 4483 652 4529 terrae
669 4467 702 4529 iu
719 4468 870 4529 territorio
887 4467 1086 4546 Acconensis‚
1097 4469 1184 4549 quod
1203 4469 1296 4529 Mons
1313 4489 1445 4551 suspen·

138 4574 245 4616 sorum
268 4572 402 4633 vocatur,
426 4557 514 4617 sitam
538 4559 596 4618 sub
620 4577 727 4618 annuo
751 4576 847 4618 censu
863 4558 921 4619 XX
939 4557 1142 4618 bisantiorum
1161 4558 1326 4620 tenendam
1344 4558 1445 4637 sigillo

138 4645 290 4706 concedit.
325 4646 407 4707 Huic
424 4665 497 4706 vero
513 4661 610 4707 terrae
628 4663 672 4707 est
688 4646 820 4707 confinis
842 4667 878 4707 ex
904 4662 985 4727 parte
1010 4646 1138 4707 orientis
1161 4663 1239 4708 terra
1255 4647 1391 4729 Templi,
1409 4669 1444 4709 ex

138 4751 222 4815 parte
246 4734 414 4796 occidentis
435 4735 544 4797 hortus
560 4735 696 4817 Templi,
715 4735 769 4815 qui
786 4736 863 4797 situs
879 4751 923 4796 est
939 4754 1036 4817 prope
1053 4736 1247 4797 cimeterium
1265 4737 1295 4798 S.
1314 4737 1443 4816 Nicolai,

138 4843 174 4884 ex
192 4839 275 4905 parte
292 4825 512 4906 septentrionis
535 4840 613 4886 terra
636 4825 667 4886 S.
685 4825 790 4886 Lazari
807 4826 845 4886 de
861 4825 1020 4902 Bethania,
1044 4845 1080 4885 ex
1104 4842 1187 4906 parte
1210 4826 1332 4888 australi
1355 4842 1445 4888 strata

137 4913 270 4994 publica.
287 4946 331 4957 -
349 4914 545 4994 Bertrandus,
571 4914 822 4996 archiepiscopus
846 4915 1063 4995 Caesariensis,
1090 4915 1253 4994 Radulfus,
1279 4917 1444 4997 episcopus
