3398 5400
191 325 224 382 82
762 326 923 396 Regesta

243 525 331 586 1259
348 527 463 587 Octob.
481 547 524 606 24
540 544 569 587 et
586 547 636 606 25.
654 533 768 588 Accon.
785 561 827 572 -
844 529 975 591 Chartae
998 527 1135 600 Heurici,
1163 525 1392 607 archiepiscopi
1409 526 1504 586 Naza-

192 617 266 690 reni,
282 617 314 676 itt
341 617 378 677 D.
396 615 477 676 Cart.
496 616 528 686 ΙΙ,
545 637 573 697 p.
591 616 775 697 880-883,
792 618 852 679 No.
872 619 1100 698 2934-2936.
1172 612 1273 689 1280,
1296 613 1396 690 1281,
1418 611 1503 673 1282

280 789 296 815 ,,
343 740 452 801 Octob.
470 759 520 819 25.
532 774 574 783 -
585 741 750 814 Henricus,
762 740 1018 822 archiepiscopus
1028 740 1215 815 Nazarenus,
1231 758 1362 801 assensu
1380 736 1502 818 capituli

192 831 240 891 sui
257 849 329 890 cum
347 830 481 909 Hugone
499 831 601 901 Revel,
620 830 787 910 Hospitalis
806 830 965 907 magistre,
981 830 1020 890 de
1036 828 1162 889 decimis
1178 827 1285 889 casalis
1301 826 1459 899 Belveer¹l
1475 841 1502 886 et

193 919 372 1000 appenditiis
404 919 550 979 convenit
588 921 634 993 ΙΙ).
667 920 748 981 Cart.
780 919 813 992 ll,
846 938 875 1000 p.
908 919 980 999 883,
1010 918 1070 980 No.
1104 937 1205 998 2937,
1238 916 1358 977 lavent.
1391 935 1420 996 p.
1452 917 1501 993 96,

192 1010 251 1070 No·
270 1008 353 1087 318).
1399 1001 1499 1064 1282·

285 1094 303 1161 ¹)
318 1091 407 1159 Quod
420 1089 488 1144 alias
502 1091 669 1162 Coquetum
682 1102 802 1145 vocatur
816 1091 938 1160 (ZDPV.
952 1091 987 1158 X,
1000 1107 1027 1162 p.
1042 1096 1111 1161 252)-

241 1202 329 1262 1260
345 1205 407 1265 Jan.
425 1203 561 1265 ineunte.
579 1235 620 1247 -
636 1204 749 1265 Charta
759 1202 920 1277 lobannis,
931 1202 1052 1264 domiui
1062 1201 1147 1283 Tyri,
1157 1203 1215 1262 sub
1225 1202 1298 1261 dato
1316 1202 1400 1262 tJan.
1422 1220 1494 1268 1²71

192 1292 414 1355 verisimillimo
430 1293 542 1354 inserta
559 1309 604 1353 est
619 1293 652 1352 in
670 1292 706 1353 D.
722 1291 808 1353 Cart
826 1292 872 1369 ΙΙΙ,
888 1311 917 1372 p.
935 1293 1119 1372 238-239,
1135 1291 1194 1351 No.
1213 1292 1308 1370 3408.
1415 1286 1500 1348 1288

253 1418 256 1425 ’
282 1465 299 1492 ,,
345 1417 410 1478 Jan.
430 1436 539 1497 11.-
556 1417 666 1478 Simon
690 1417 728 1477 de
752 1414 920 1494 Villejus,¹l
946 1416 1114 1496 draparius,
1139 1415 1314 1475 Bernardus
1337 1415 1377 1475 de
1404 1415 1499 1481 Porta,

193 1505 320 1567 clericus
337 1505 558 1586 hospitalarius,
578 1504 743 1585 Hospitalis
761 1505 876 1577 fratres,
895 1504 1043 1566 Girardus
1068 1504 1105 1565 de
1132 1504 1248 1577 Sauset,
1265 1504 1500 1565 commendator

192 1595 414 1675 Tripolitanos,
432 1595 589 1656 Arnaldus
600 1595 708 1675 Rapet,
726 1595 889 1657 casalarius
906 1594 943 1654 de
958 1592 1204 1670 »Toutelle'e‚»²l
1221 1591 1328 1655 fratres
1337 1592 1464 1672 Templi
1472 1608 1500 1652 et

193 1683 394 1746 Hermannus
419 1684 457 1744 de
483 1684 578 1754 Ricle,
605 1684 696 1746 frater
728 1684 841 1745 domus
867 1683 1151 1753 Theutonicorum,
1183 1680 1285 1743 arbitri
1317 1703 1333 1742 a
1360 1681 1500 1742 fratribus

192 1774 316 1853 Templi
334 1788 362 1833 et
379 1773 545 1853 Hospitalis
562 1773 660 1834 vocati
677 1774 928 1849 controversiam,
944 1791 1026 1853 quae
1042 1772 1118 1832 inter
1135 1787 1285 1852 utrosque
1309 1772 1347 1832 de
1371 1771 1498 1851 quibus-

192 1863 264 1924 dam
282 1861 529 1943 possessionibus
546 1863 707 1924 comitatus
723 1860 906 1943 Tripolitani
929 1878 959 1922 et
980 1860 1121 1922 territorii
1138 1860 1266 1938 Margati
1289 1877 1355 1921 orta
1374 1859 1499 1935 1111111-

193 1951 273 2014 dicio
289 1951 481 2026 terminant⁸l
507 1952 555 2028 (D.
571 1953 653 2014 Cart.
671 1952 705 2029 ll,
724 1971 753 2033 ρ.
772 1953 847 2031 885,
869 1953 931 2015 Νο.
949 1968 1051 2031 2943;
1078 1950 1194 2011 lavent.
1212 1969 1241 2031 p.
1258 1951 1311 2028 96,
1335 1949 1398 2010 No.
1418 1946 1500 2030 3¹9)-

1400 2035 1501 2097 1287·

285 2144 303 2202 'l
318 2139 442 2195 Nomina
466 2139 585 2195 fratrum
604 2139 736 2195 ordinum
759 2139 788 2195 in
812 2142 865 2196 hac
888 2140 985 2195 charta
1008 2152 1179 2195 vocatorum
1202 2150 1270 2192 nota
1294 2155 1355 2193 non
1379 2136 1499 2193 luerunt.

195 2210 218 2281 ³)
232 2211 449 2283 Intelligendum
463 2228 525 2266 esse
539 2211 650 2266 videtur
663 2212 756 2266 casale
770 2211 841 2267 alias
854 2211 1002 2267 Turriclee
1015 2223 1152 2265 vocatum
1167 2208 1213 2280 (cl.
1227 2209 1281 2265 Νο.
1296 2210 1385 2274 681·).
1424 2209 1446 2278 ⁸)
1459 2209 1500 2264 De

193 2281 275 2336 variis
288 2281 500 2354 controversiis,
516 2300 590 2355 quae
610 2282 683 2337 inter
696 2282 850 2354 Hospitalis
874 2296 902 2338 et
915 2282 1029 2353 Templi
1049 2281 1149 2336 fratres
1171 2281 1206 2334 de
1230 2279 1462 2351 possessionibus
1474 2280 1501 2335 in

193 2352 332 2409 comitatu
345 2353 526 2425 Tripolitana
549 2367 576 2409 et
597 2353 740 2409 territorio
762 2354 885 2425 Margati
905 2354 963 2409 sitis
984 2368 1064 2410 ortae
1085 2362 1209 2422 11111111,
1230 2351 1265 2406 11.
1279 2350 1340 2407 RH.
1354 2351 1412 2407 No.
1430 2369 1501 2417 tttt,

197 2432 363 2499 1318,t319.

280 2567 298 2595 „
346 2521 432 2583 Mart.
452 2539 501 2598 24.
520 2519 606 2600 Tyri.
623 2553 666 2563 -
682 2519 844 2599 Aegidas,
860 2519 1109 2599 archiepiscopus
1124 2517 1283 2598 Tyrensis,
1299 2517 1501 2596 compositio·
1520 2536 1524 2544 ·

192 2628 264 2670 nem
280 2610 358 2670 inter
373 2608 533 2669 ecclesiam
549 2608 722 2688 Tyrensem
746 2625 774 2668 et
792 2607 1007 2679 Guillelmum,
1031 2607 1165 2688 priorem
1191 2606 1220 2667 S.
1238 2606 1411 2668 Mariaede
1428 2605 1500 2666 valle

191 2698 346 2778 Josaphat,
372 2699 452 2759 vices
474 2697 590 2758 abbatis
614 2698 692 2759 Petri
715 2697 747 2758 in
767 2696 936 2758 cismarinis
955 2696 1091 2778 partibus
1113 2695 1271 2757 constituti
1288 2712 1446 2775 gerentem
1464 2695 1500 2755 de

192 2787 318 2848 decimis
335 2787 480 2848 casalium
505 2786 618 2848 Beffale
642 2803 671 2847 et
694 2786 865 2863 Saddane¹l
892 2786 1000 2847 factam
1023 2784 1185 2847 confirmat
1208 2803 1243 2844 ea
1261 2784 1453 2857 conditione,
1470 2799 1502 2845 ut

192 2876 296 2938 fratres
312 2877 409 2937 dictae
433 2876 576 2937 ecclesiae
593 2891 755 2937 teneantur
776 2875 913 2936 »solvere
931 2874 1022 2937 nobis
1038 2890 1067 2934 et
1084 2872 1434 2935 nostrissuccessoribus
1449 2893 1501 2954 per

192 2985 224 3026 se
248 2981 277 3026 et
300 2985 409 3026 eorum
432 2985 623 3027 successores
647 2965 807 3025 annuatim
833 2969 916 3025 bona
932 2965 1001 3031 side.
1017 2965 1047 3025 in
1065 2962 1140 3024 festo
1152 2962 1306 3023 Omnium
1318 2960 1501 3024 Sanctomm

192 3055 277 3116 Lxx
294 3054 441 3116 bisantios
450 3054 632 3116 Sarracenos
649 3054 686 3113 ad
703 3054 830 3134 pondus
841 3059 1023 3114 Acconense
1040 3068 1070 3112 et
1086 3050 1163 3112 nihil
1173 3050 1268 3124 aliud,
1282 3067 1346 3112 tam
1358 3072 1416 3133 pro
1427 3071 1501 3132 qua-

192 3144 265 3205 dam
291 3159 393 3204 nostra
420 3160 449 3203 et
474 3144 617 3204 ecclesiae
641 3159 761 3203 nostrae
777 3143 924 3224 Tyrensis
951 3143 1050 3224 platea
1075 3141 1219 3202 ecclesiae
1246 3140 1276 3202 S.
1292 3141 1440 3202 Andreae
1465 3142 1500 3201 de

192 3234 338 3314 Josaphat
354 3233 385 3294 in
400 3232 497 3313 Tyro,
515 3250 609 3311 quam
636 3233 766 3311 plateam
792 3233 907 3292 eisdem
933 3248 962 3292 et
988 3249 1098 3292 eorum
1123 3229 1355 3291 successoribus
1382 3247 1411 3291 et
1434 3248 1501 3290 mo·

194 3322 327 3383 nasterio
344 3321 404 3395 jam
416 3322 507 3393 dicto,
518 3323 680 3382 occasione
691 3321 777 3382 istius
788 3320 1033 3402 compositionis,
1043 3320 1136 3380 libere
1146 3319 1177 3380 in
1187 3335 1373 3399 perpetuum
1385 3319 1501 3388 damus,

193 3431 288 3490 quam
305 3431 361 3491 pro
378 3411 525 3471 omnibus
541 3410 670 3471 decimis
689 3409 913 3491 praedictorum
941 3409 1088 3470 casalium
1115 3407 1227 3468 8111111
1255 3424 1283 3468 11
1308 3407 1452 3469 Saddane
1474 3424 1502 3470 et

193 3518 302 3560 eorum
320 3499 508 3581 pertinentiis
524 3499 713 3579 quibusdam
730 3516 759 3559 et
775 3499 1024 3578 possessionibus
1047 3513 1076 3557 et
1101 3497 1263 3574 cujusdam
1282 3495 1392 3572 jardini
1409 3497 1501 3579 ipsius

193 3588 371 3649 monasterii
387 3589 435 3648 siti
451 3589 483 3648 in
500 3590 608 3649 sabulo
624 3588 756 3670 Tyrensi
774 3604 801 3648 et
817 3587 946 3649 aliarum
964 3587 1205 3668 possessionum,
1221 3605 1299 3667 quas
1316 3587 1411 3647 habet
1426 3586 1500 3647 infra

193 3696 300 3739 muros
313 3677 612 3759 civitatisTyreusis‹
633 3678 749 3754 (Revue
766 3677 803 3737 de
822 3677 954 3738 l'Orieat
970 3677 1018 3737 lat.
1037 3675 1099 3748 Vll,
1115 3695 1145 3757 p.
1170 3675 1351 3754 185-187,
1368 3676 1502 3823 Νῖῖξῖ).

285 3852 303 3919 ¹)
318 3849 394 3904 Alias
408 3850 550 3904 Sardenas
565 3849 742 3918 nominatur,
757 3848 792 3904 cf.
808 3867 893 3920 supra
907 3848 962 3902 No.
981 3849 1071 3909 urob,
1085 3849 1149 3904 Not.
1165 3860 1192 3902 et
1206 3847 1277 3901 11111
1291 3848 1344 3903 Νο.
1362 3860 1450 3917 14141.

282 3991 298 4019 ,,
316 3945 403 4005 Mart.
422 3964 471 4023 25·
490 3944 656 4023 Anagniae.
673 3976 715 3986 -
733 3944 907 4004 Alexander
923 3942 962 4002 lV
979 3942 1121 4015 Cosmae,
1138 3941 1289 4003 canonico
1300 3943 1500 4003 Anconitauo

193 4032 271 4108 (sic),
289 4052 360 4093 cum
376 4053 485 4095 census
493 4036 530 4094 ab
542 4033 787 4114 archiepiscopis,
808 4032 970 4113 episcopis,
987 4032 1157 4107 abbatibus,
1173 4030 1328 4112 prioribus
1338 4047 1368 4092 et
1378 4032 1445 4094 aliis
1454 4051 1502 4092 ec·

193 4120 354 4182 elesiarum
376 4123 647 4183 transmarinarum
665 4121 805 4201 praelatis
824 4124 984 4182 Romanae
1000 4120 1153 4181 Ecclesiae
1170 4120 1291 4181 debitus
1299 4116 1323 4200 ¹)
1340 4139 1399 4201 pro
1416 4120 1502 4182 anuis

193 4212 333 4291 pluribus
357 4213 500 4272 nondum
516 4210 635 4272 solutus
651 4212 696 4285 sit,
714 4211 848 4283 mandat,
866 4226 900 4270 ut
917 4212 1001 4271 hunc
1025 4229 1154 4271 censum
1176 4209 1273 4289 ipsius
1295 4225 1326 4269 et
1343 4209 1502 4271 Romanae

194 4300 345 4362 Ecclesiae
362 4301 489 4361 nomine
506 4300 612 4379 exigat,
630 4300 752 4377 colligat
775 4316 803 4360 11
829 4315 990 4360 conservet
1007 4301 1140 4360 Romam
1166 4297 1364 4372 mittendum,
1382 4315 1501 4359 contra-

193 4389 324 4450 dictores
341 4410 413 4450 vero
431 4409 656 4469 percensuram
672 4389 907 4450 ecclesiasticam
924 4405 1097 4469 compescat
1114 4388 1234 4467 (Revue
1251 4388 1289 4447 de
1306 4387 1442 4449 l'Orient
1456 4387 1502 4448 lat.

193 4477 256 4554 Vll,
274 4498 302 4559 p.
328 4480 386 4557 184
402 4479 432 4538 11
451 4479 510 4539 Νο.
528 4475 591 4556 77).
1400 4470 1502 4536 1290¹³

255 4629 261 4640 .
287 4562 304 4631 ¹)
319 4562 441 4615 Abbatia
455 4561 484 4617 S.
498 4561 603 4616 Mariae
625 4562 660 4615 de
674 4562 745 4615 valle
767 4561 904 4630 iosaphat
926 4560 1078 4686 puotannis
1099 4559 1215 4614 unciam
1233 4559 1294 4615 auri
1316 4560 1502 4632 Apostolicae

193 4631 261 4686 Sedt
276 4633 400 4686 debebat
414 4632 484 4701 (Lib.
500 4649 639 4686 censuum
653 4631 680 4685 in
695 4633 770 4702 Opp.
785 4632 904 4687 Honorii
918 4633 928 4686 Ι
943 4633 952 4686 Ι
967 4632 1010 4686 ed.
1026 4632 1132 4702 Mtgne,
1146 4631 1222 4686 Patr.
1235 4630 1282 4685 lat.
1296 4630 1317 4701 1,
1330 4649 1356 4703 p.
1374 4632 1444 4704 55th.

283 4791 300 4818 „
348 4746 442 4823 April.
458 4767 502 4823 ¹4·
513 4745 679 4807 -Charta
690 4745 841 4806 lobannis
853 4745 940 4823 Grist,
952 4744 1056 4806 militis
1067 4744 1267 4823 Acconensis,
1284 4743 1316 4805 in
1329 4745 1365 4807 D.
1376 4744 1458 4806 Cart.
1468 4743 1502 4816 ll,

194 4852 223 4914 p.
241 4834 427 4907 886—888,
444 4834 503 4896 No.
523 4854 616 4913 2949·
1418 4831 1498 4893 1291
