3398 5400
663 342 743 418 tegni
755 340 1018 418 Hierosolymitani.
1433 368 1491 435 241

196 436 433 449 —u-n——u

195 573 303 653 regalis
313 576 436 655 domos,
447 577 551 639 vineas
568 593 597 638 et
612 577 732 656 oliveta,
750 577 781 638 in
798 577 916 638 civitate
926 576 1119 638 Hierusalem
1135 578 1285 659 hospitale
1302 594 1331 639 et
1347 578 1496 639 obedien-

193 664 267 725 tiam
291 664 321 726 S.
340 666 468 748 Moysis,
492 667 605 729 domos
621 682 650 728 et
667 667 805 746 furnum,
827 667 920 728 Jafl'ae
943 667 1055 728 domos
1072 681 1101 728 et
1117 682 1220 745 terras,
1244 666 1276 729 in
1296 669 1372 729 urbe
1388 673 1497 730 Accon

194 753 401 816 obedientiam
425 756 455 817 S.
473 757 646 834 Katerinae,
671 757 813 817 Damasci
836 755 994 817 ecclesiam
1019 755 1049 817 S.
1068 756 1204 837 Georgii,
1227 757 1339 818 domos
1362 772 1392 818 et
1414 773 1497 818 extra

194 843 346 904 civitatem
362 845 417 906 tria
433 845 572 926 virgulta,
597 847 765 907 Laodiceae
789 846 938 927 hospitale
962 844 993 906 S.
1011 846 1159 908 Demetrii
1176 864 1205 908 et
1221 847 1275 907 tria
1299 845 1407 908 casalia
1424 866 1496 908 cum

194 931 313 993 villanis
330 950 358 994 et
376 935 576 1014 pertinentiis,
594 936 777 997 Antiochiae
795 937 907 996 domos
923 951 952 996 et
969 935 1097 996 furnum
1114 936 1205 1013 (Pitra
1222 936 1244 1017 l,
1261 957 1291 1018 p.
1312 938 1496 1017 562-563,

194 1022 255 1083 No.
274 1043 309 1096 7;
343 1023 489 1085 Pressutti
505 1025 527 1103 l,
544 1027 604 1087 No.
624 1045 703 1104 7093
730 1025 768 1087 cf.
786 1026 862 1107 Rey,
886 1025 1089 1103 Recherches,
1113 1045 1143 1106 p.
1167 1046 1255 1086 12-
1269 1046 1316 1106 13,
1339 1047 1427 1106 15—
1442 1028 1495 1098 163

194 1111 345 1173 Rbhricht
355 1113 387 1174 in
398 1114 515 1175 ZDPV.
526 1115 564 1193 X,
577 1135 606 1196 p.
621 1135 748 1195 237—2
754 1116 815 1195 38).
832 1109 841 1199 il
857 1114 927 1175 Hoc
937 1113 1134 1195 privilegium
1144 1115 1307 1177 Honorius
1318 1114 1355 1176 lll
1366 1116 1418 1193 (20
1429 1116 1496 1177 Jan.

199 1219 256 1261 122
263 1201 291 1279 5)
308 1202 470 1264 confirmat
486 1204 575 1281 (Pitra
592 1205 613 1283 l,
630 1224 661 1285 p.
682 1206 864 1285 589—590,
881 1204 941 1265 N0.
961 1204 1021 1284 35).
1427 1201 1495 1263 897

242 1320 330 1382 1217
348 1329 430 1404 Aug.
448 1361 490 1369 —
506 1327 673 1405 lohannes,
698 1348 749 1389 rex
766 1328 1078 1410 Hierosolymitanus,
1099 1327 1208 1390 domui
1224 1327 1496 1390 Theutonicotum

194 1413 369 1474 Acconensi
385 1415 557 1492 confirmat,
569 1437 648 1497 quae
659 1417 829 1479 Garnerius
839 1416 1033 1478 Alemannus
1044 1417 1136 1495 dedit,
1153 1416 1267 1478 scilicet
1281 1432 1400 1496 terram,
1417 1438 1496 1498 quae

194 1501 271 1564 olim
281 1503 461 1565 fuitluliani
473 1506 511 1565 de
523 1505 658 1568 Faloisse
675 1522 705 1568 et
721 1527 827 1569 versus
844 1507 997 1568 sinistram
1014 1507 1105 1567 habet
1115 1506 1206 1584 viam,
1218 1525 1324 1567 versus
1335 1507 1496 1568 meridiem

193 1591 316 1671 collem,
341 1613 465 1656 necnon
489 1595 625 1675 hortum,
642 1597 696 1676 qui
716 1597 859 1658 cohaeret
874 1596 951 1658 areis
968 1597 1006 1657 de
1022 1595 1129 1656 Tarsia
1145 1616 1182 1657 ex
1197 1611 1264 1657 toto
1280 1615 1387 1657 versus
1403 1598 1496 1658 meri-

194 1681 286 1759 diem,
304 1682 381 1743 etin
398 1684 510 1744 eodem
526 1685 619 1746 horto
641 1702 684 1747 est
707 1687 841 1765 angulus
863 1701 959 1747 terrae
982 1686 1118 1746 desertae
1135 1700 1165 1746 et
1179 1705 1287 1746 versus
1303 1685 1496 1747 occidentem

193 1771 346 1850 quaedam
364 1791 471 1834 morus
487 1789 516 1834 et
533 1794 661 1855 campus
678 1775 872 1854 Migramme,
883 1774 1026 1856 superius
1038 1774 1169 1837 frustum
1181 1790 1286 1853 terrae,
1298 1793 1378 1854 quae
1389 1775 1497 1836 dividit

193 1875 304 1921 terram
327 1861 442 1923 domus
465 1862 638 1945 Sepulchri,
663 1880 692 1925 et
714 1885 820 1926 versus
844 1863 966 1942 collem,
990 1865 1044 1945 qui
1061 1879 1106 1925 est
1122 1884 1158 1925 ex
1176 1880 1258 1945 parte
1282 1864 1432 1942 orientali,
1452 1882 1496 1925 est

194 1950 356 2011 modicum
372 1966 468 2013 terrae
485 1968 514 2013 et
531 1954 684 2033 quaedam
701 1969 806 2033 vouta,
827 1952 916 2032 cujus
932 1954 1078 2015 medietas
1096 1954 1215 2031 cecidit,
1232 1969 1260 2015 et
1276 1953 1308 2014 in
1325 1973 1387 2034 qua
1404 1970 1496 2015 vouta

193 2055 237 2099 est
253 2039 383 2100 cisterna
399 2057 428 2101 et
445 2042 573 2122 quidam
593 2043 786 2123 vrequinnus
808 2044 846 2104 ad
870 2063 1008 2104 racemos
1031 2043 1245 2105 decalcandos.
1261 2076 1305 2085 -
1331 2042 1495 2121 Radulius,

193 2130 281 2207 regni
297 2130 500 2209 senescalcus,
517 2132 649 2193 lacobus
667 2133 879 2209 marescalcus,
890 2132 985 2195 Oddo
1001 2133 1040 2194 de
1057 2132 1316 2211 MontebeliardO,
1327 2132 1497 2195 Gaufridus

192 2217 231 2278 de
247 2218 372 2280 Caffran
389 2219 549 2299 (Strehlke,
567 2240 596 2301 p.
614 2243 667 2302 41,
688 2223 748 2284 No.
765 2242 825 2302 493
851 2223 888 2283 cf.
906 2243 936 2304 p.
960 2242 995 2283 ra
1002 2224 1040 2302 5).
1427 2220 1496 2281 898

274 2379 293 2411 ,,
341 2340 422 2417 Aug.
441 2372 483 2380 —
498 2338 665 2415 lohannes,
689 2358 741 2398 rex
763 2339 1074 2419 Hierosolymitanus,
1097 2338 1207 2399 domui
1223 2339 1495 2400 Theutonicotum

194 2425 368 2487 Acconensi
387 2426 481 2487 donat
498 2443 525 2488 et
542 2426 643 2505 sigillo
660 2427 822 2488 confirmat
842 2430 1042 2489 barbacanam
1066 2448 1155 2489 suam
1173 2429 1251 2488 inter
1268 2428 1292 2489 ll
1309 2428 1405 2489 dictae
1423 2428 1496 2489 civi-

192 2515 259 2575 tatis
283 2534 390 2576 muros
414 2516 502 2577 sitam
523 2515 668 2577 sciliceta
685 2537 777 2578 muro
794 2538 891 2599 prope
908 2518 1039 2578 domum
1056 2515 1232 2595 senescalci,
1249 2536 1329 2597 quae
1346 2518 1443 2578 tendit
1460 2538 1496 2579 ex

193 2605 322 2666 adverso
347 2621 376 2665 et
399 2605 508 2666 dividit
533 2607 734 2667 barbacanam
760 2607 926 2668 senescalci
948 2609 986 2667 ab
1009 2607 1116 2668 eadem
1143 2608 1311 2667 barbacana
1335 2608 1495 2687 usquead

193 2708 313 2774 portam
331 2694 473 2756 Gaufridi
489 2696 588 2756 Torti.
610 2731 646 2740 -
664 2696 773 2758 Testes
791 2713 932 2778 utsupra
949 2696 1009 2758 Νο.
1028 2697 1102 2774 898,
1122 2697 1175 2757 sed
1198 2696 1314 2757 accedit
1330 2696 1497 2758 Rohardus

194 2785 232 2844 de
248 2784 393 2865 Cayphas
409 2783 569 2865 (Strehllte,
587 2804 617 2865 p.
634 2805 688 2865 41,
706 2786 765 2848 No.
785 2805 841 2866 503
862 2786 899 2847 cf.
918 2805 947 2866 p.
971 2787 1050 2866 124).
1426 2783 1497 2855 899

275 2944 294 2976 ,,
341 2901 423 2982 Sept.
449 2901 611 2962 Nimoscii.
629 2935 672 2945 —
693 2902 789 2981 Hugo
806 2902 828 2982 l,
851 2922 903 2962 rex
920 2901 1027 2983 Cypri,
1051 2900 1192 2962 iratribus
1214 2901 1421 2962 Theutonicis
1444 2921 1499 2982 per

195 3009 322 3051 manunt
334 2990 485 3052 Armanni
503 2990 637 3069 magistri
655 2991 850 3072 privilegium
866 2993 904 3052 ab
921 2990 1109 3072 Haymerico
1126 2990 1135 3050 l
1153 3005 1237 3070 patre
1248 2991 1409 3070 quondam
1427 3011 1497 3069 rege

194 3098 379 3140 concessum
395 3096 424 3140 et
441 3080 629 3160 quibusdam
647 3081 773 3141 decimis
789 3081 828 3142 de
844 3080 934 3141 casali
951 3079 1102 3160 Sesquara
1120 3079 1292 3160 (helquam)
1313 3080 1499 3161 recipiendis

194 3185 321 3230 auctum
346 3168 448 3249 sigillo
474 3169 646 3231 confirmat.
672 3204 717 3212 —
741 3170 898 3232 lohannes
924 3171 962 3231 de
988 3169 1159 3251 Hybelino,
1185 3170 1335 3231 dominus
1359 3170 1497 3247 Beritthi,

195 3257 357 3339 Philippus
380 3259 418 3319 de
442 3259 610 3340 Hybelino,
635 3259 725 3320 frater
747 3258 822 3339 ejus,
845 3258 989 3322 Galterus
1012 3261 1050 3320 de
1074 3260 1232 3338 Caesarea,
1257 3259 1499 3321 connestabulus

194 3348 302 3429 Cypri,
325 3347 468 3409 Galterus
484 3349 522 3408 de
538 3349 659 3428 Bets'an,
682 3349 886 3411 Gormondus
902 3351 940 3411 de
957 3350 1079 3427 Betsan,
1103 3349 1210 3410 Petrus
1227 3349 1344 3429 Chape‚
1367 3350 1499 3410 lacobus

195 3437 233 3498 de
244 3437 343 3498 Rivet.
360 3438 474 3498 Datum
486 3458 540 3519 per
549 3457 678 3499 manunt
690 3438 825 3519 Radulli,
837 3439 1007 3500 cancellarii
1018 3439 1098 3518 regis
1108 3454 1138 3499 et
1148 3438 1355 3499 archidiaconi
1367 3438 1499 3500 Nichos-

194 3525 303 3587 aiensis
320 3526 407 3608 (Rey,
425 3547 454 3608 p.
473 3547 490 3588 2
497 3530 620 3606 5-26;
639 3529 810 3609 Altpreuss.
828 3528 1033 3591 Monatsschr.
1050 3528 1131 3606 XIX,
1149 3548 1178 3609 p.
1191 3528 1377 3608 648-649,
1389 3528 1449 3589 No.
1464 3548 1499 3601 23

195 3616 233 3677 cl.
252 3636 282 3697 p.
301 3617 376 3695 638,
394 3618 452 3677 No.
476 3618 532 3694 tr).
1430 3615 1501 3676 900

278 3779 297 3809 ,,
343 3733 453 3794 Octob.
471 3750 592 3795 exeunt.
617 3738 725 3794 Accon
750 3734 782 3794 in
805 3734 940 3795 tentorio
965 3733 1117 3810 Andreae,
1142 3732 1221 3811 regis
1244 3732 1433 3812 Hungariae.
1457 3766 1500 3775 -

196 3823 291 3885 Curia
301 3822 463 3901 generalis,
481 3823 513 3883 in
524 3843 585 3904 qua
596 3823 633 3883 de
645 3822 726 3884 bello
737 3823 895 3884 Saracenis
906 3823 1069 3885 inferendo
1079 3822 1321 3883 consuluerunt:
1340 3821 1501 3900 Radulfus,

196 3912 366 3994 patriarcha
377 3912 691 3994 Hierosolymitanus,
703 3913 823 3992 Simon,
835 3913 993 3996 Tyrensis,
1005 3912 1101 3989 Peter,
1112 3911 1327 3990 Caesariensis,
1338 3911 1501 3989 Robertus,

197 4003 387 4080 Nazareuus,
418 4002 613 4081 Eustorgius,
645 4002 845 4080 Nicosiensis,
872 4001 1104 4083 archiepiscopi,
1130 4001 1273 4079 lacobus,
1300 4001 1501 4077 acconensis,

197 4093 315 4168 Petrus,
332 4090 532 4170 laurinensis,
542 4092 694 4168 Thomas,
712 4092 881 4171 Agriensis,
893 4091 978 4169 OttO,
996 4089 1258 4166 Monasteriensis,
1275 4088 1501 4169 Engelhardus,

197 4180 372 4258 Citicensis,
395 4180 481 4257 Otto,
501 4179 716 4257 Trajectensis,
740 4182 905 4261 Robertus,
928 4179 1115 4258 bajocensis,
1139 4179 1287 4261 episcopi,
1311 4179 1448 4241 Garinus
1464 4180 1502 4240 de

198 4272 306 4332 Monte
331 4286 432 4349 acuto,
464 4270 642 4351 Hospitalis,
675 4270 862 4332 Guillelmus
887 4269 1097 4348 Carnotensis,
1123 4269 1258 4349 Templi,
1290 4269 1501 4348 Hermannus,

198 4359 228 4421 S.
248 4358 362 4421 Mariae
387 4360 671 4438 Theutonicotum,
699 4360 845 4439 magistri,
872 4361 1021 4439 Andreas,
1049 4358 1238 4438 Hungariae,
1265 4358 1371 4438 Hugo,
1396 4359 1502 4441 Cypri,

196 4449 366 4520 lohannes,
389 4449 702 4531 Hierosolymitanus,
726 4469 822 4528 reges,
847 4450 1052 4511 Boemundus
1068 4449 1119 4527 lV,
1143 4447 1286 4529 princeps
1308 4448 1502 4526 Antiochiae,

198 4539 389 4620 Leopoldus,
408 4539 558 4616 Austriae,
576 4538 661 4615 Ott0,
688 4538 853 4616 Meraniae,
874 4540 979 4616 duces,
997 4539 1104 4601 Guido
1121 4537 1281 4615 dominus,
1305 4538 1502 4617 Bertrandus,

198 4628 397 4705 Guillelmus,
417 4628 609 4706 Gibeleuses,
634 4629 821 4706 Gualterius,
846 4629 995 4690 dominus
1017 4627 1235 4705 Caesariensis,
1258 4627 1504 4688 constabularius

198 4717 305 4799 Cypri,
322 4717 472 4780 Girardus
489 4718 526 4778 de
544 4718 636 4797 Ham,
652 4718 820 4793 lohannes,
842 4717 1088 4779 constabularius
1104 4733 1133 4779 et
1149 4716 1351 4777 marescalcus
1367 4715 1504 4796 Tripoli-

198 4822 299 4886 tanus,
323 4807 490 4884 lohannes,
515 4807 664 4869 dominus
686 4807 872 4888 Berytensis,
896 4806 1026 4888 ejusque
1052 4808 1141 4867 irater
1163 4806 1324 4887 Philippus
1341 4805 1379 4866 de
1397 4804 1504 4883 lbelin,

198 4896 363 4971 Galterius,
395 4896 544 4958 dominus
570 4896 796 4976 Bethsanensis,
821 4895 952 4978 ejusque
976 4917 1075 4979 nepos
1098 4896 1252 4959 Gremont
1277 4894 1504 4975 Bethsanensis,

251 5013 417 5068 Robricht,
437 5013 543 5071 Regesta.
1293 5014 1325 5071 16
