3398 5400
281 393 343 454 310
842 365 1017 437 Regesta

325 603 415 665 1249
431 604 490 667 Jul.
506 625 553 686 14,
571 605 685 666 ind.Vl
702 604 786 682 (Vll).
807 610 924 668 Accon.
944 641 981 650 -
1000 605 1201 669 Guillielmus
1217 605 1255 665 de
1272 607 1411 684 Burgaro
1427 621 1457 667 et
1474 606 1586 669 Simon

277 696 479 769 Mallocellus,
506 695 650 756 consules
667 709 696 755 et
718 694 913 758 vicecomites
938 696 1143 757 Janueusium
1172 694 1205 756 in
1231 694 1328 776 Syria,
1354 695 1387 755 in
1414 697 1586 775 praesentia

275 785 427 846 Johannis
443 785 621 857 Castaneae,
646 783 725 845 Petri
743 784 911 864 Straleriae,
929 785 1101 848 Guillielmi
1118 783 1299 859 Gaberniae,
1317 784 1488 846 Guillielmi
1505 787 1588 848 Pan-

276 875 356 951 zani,
383 875 462 935 Boni
488 874 639 935 Johannis
665 874 838 948 Schacheti,
864 874 967 935 Jacobi
994 876 1032 936 de
1059 876 1158 950 Porta,
1184 873 1320 935 Sorlioni
1347 875 1385 935 de
1411 874 1587 952 Grimaldo,

276 963 424 1026 Faravelli
441 963 566 1038 Cicade,
577 963 728 1024 lobannis
744 964 915 1043 Detesalve,
933 964 1120 1025 Lanlranchi
1137 962 1259 1036 Botarii,
1275 964 1377 1024 Enrici
1395 965 1434 1025 de
1444 964 1588 1044 Vivald0,

276 1053 433 1116 Marchisii
451 1054 488 1114 de
506 1053 673 1131 Rodoano,
698 1052 848 1115 Grimaldi
865 1054 1037 1134 Bancherii,
1060 1054 1205 1115 Thomae
1222 1053 1369 1127 Carboni,
1388 1102 1475 1116 .....
1479 1103 1487 1132 ,
1505 1055 1587 1117 Gui-

276 1144 368 1205 donis
386 1144 423 1204 de
440 1143 641 1204 Finemundo
658 1157 687 1202 et
704 1142 852 1204 Fulconis
869 1144 907 1204 de
931 1144 1028 1222 Logia
1052 1143 1273 1224 possessiones,
1298 1143 1411 1204 domos
1428 1158 1456 1205 et
1472 1163 1588 1205 census

276 1237 474 1295 Acconenses
498 1232 535 1293 ad
559 1251 728 1293 commune
751 1232 956 1294 Janueusium
980 1233 1169 1313 pertinentes
1191 1247 1385 1309 enumerant,
1410 1234 1447 1293 de
1469 1233 1587 1313 quibus

275 1322 412 1404 primum
429 1338 581 1382 vocantur
596 1335 728 1402 apautus
744 1322 782 1382 ad
799 1323 993 1402 passagium:
1017 1323 1130 1383 domus
1153 1336 1223 1382 ante
1240 1322 1349 1382 turrim
1366 1342 1479 1383 novam
1497 1342 1586 1384 com-

276 1412 380 1473 munis
397 1411 505 1473 domui
517 1410 667 1472 Johannis
678 1410 754 1472 Feto
765 1411 865 1472 vicina
882 1431 953 1472 cum
972 1431 1038 1472 uno
1055 1432 1091 1472 ex
1108 1411 1171 1472 suis
1188 1411 1373 1490 magazenis,
1384 1412 1467 1472 aliud
1479 1431 1587 1491 maga-

276 1521 391 1563 zenum
416 1499 557 1578 ejusdem
582 1500 707 1575 domus,
734 1500 826 1561 turris
851 1515 939 1562 vetus
964 1500 1108 1562 ecclesiae
1134 1500 1165 1561 S.
1190 1500 1348 1561 Laurentii
1375 1500 1475 1562 vicina
1501 1500 1586 1580 juxta

277 1591 389 1653 dictam
401 1590 530 1651 domurn
544 1589 731 1664 communis,
747 1590 895 1670 apotheca
912 1589 1052 1668 ejusdem
1069 1589 1160 1651 turris
1178 1590 1323 1650 deversus
1341 1591 1483 1670 plateam,
1500 1590 1586 1670 pala-

275 1681 354 1743 tium
370 1695 457 1741 vetus
474 1679 661 1755 communis,
683 1681 788 1739 subter
804 1679 890 1760 quod
914 1695 1037 1741 tenetur
1059 1679 1153 1755 curia,
1178 1680 1293 1740 domus
1309 1681 1470 1759 quondam
1488 1680 1587 1741 Boni-

276 1768 368 1830 vicini
394 1767 523 1849 ejusque
549 1788 768 1847 magasenum,
793 1769 908 1830 domus
932 1788 1029 1850 prope
1054 1769 1185 1830 domum
1209 1768 1247 1828 de
1271 1767 1435 1849 Capelletis
1460 1784 1491 1829 et
1514 1785 1586 1831 ante

275 1858 452 1920 carrubium
483 1859 538 1918 sita
569 1877 640 1919 cum
667 1876 850 1938 magasen0,
878 1859 1025 1938 palatium
1057 1858 1182 1919 tertium
1214 1857 1393 1919 communis
1425 1858 1462 1919 de
1488 1878 1587 1937 rugae

275 1964 420 2030 cooperta
437 1947 499 2024 (sic)
524 1966 621 2028 prope
645 1947 777 2008 domum
800 1947 944 2008 Thomae
968 1947 1104 2009 Carboni
1122 1962 1151 2007 et
1168 1946 1275 2023 fratris,
1292 1947 1342 2008 cui
1359 1945 1508 2024 antejacet
1525 1947 1585 2025 via,

275 2057 438 2117 magesena
461 2035 601 2114 ejusdem
623 2035 735 2116 palatii,
756 2037 931 2098 secundum
949 2036 1095 2118 palatium
1112 2036 1291 2098 communis
1307 2056 1401 2115 rugae
1420 2053 1587 2118 coopertae

275 2147 347 2188 cum
364 2146 542 2205 magasen0,
566 2125 714 2207 palatium
731 2126 830 2206 logiae
847 2126 1025 2188 communis
1043 2145 1116 2188 cum
1133 2144 1310 2204 magasen0,
1329 2125 1477 2206 palatium
1492 2126 1586 2189 Griffi

275 2236 347 2279 cum
359 2235 489 2276 mezano
500 2231 529 2275 et
539 2214 719 2293 magasenis,
729 2216 854 2276 tertium
866 2217 1013 2296 palatium
1025 2217 1171 2277 deversus
1179 2214 1332 2277 Ordamer
1343 2234 1439 2297 prope
1450 2215 1586 2278 domurn

273 2307 417 2368 Thomae
428 2304 565 2366 Carboni
577 2324 648 2365 cum
666 2322 845 2383 magazen0,
857 2306 971 2366 domus
988 2305 1025 2365 ad
1042 2305 1214 2366 Lordamer
1229 2320 1259 2365 et
1275 2325 1401 2367 murum
1414 2304 1587 2386 Hospitalis

274 2395 340 2457 sita.
375 2394 424 2455 Ad
457 2413 575 2454 annum
608 2408 811 2474 apautantur:
843 2394 958 2455 domus
983 2395 1146 2474 quondam
1171 2394 1321 2455 Johannis
1346 2393 1487 2455 Volantis
1513 2411 1586 2457 aute

275 2485 405 2566 plateam
422 2482 601 2544 communis
617 2498 646 2543 et
662 2484 699 2542 ab
717 2503 783 2544 uno
799 2482 891 2544 latere
908 2484 1040 2545 carrubii
1056 2483 1121 2560 sita,
1138 2485 1252 2544 domus
1262 2484 1424 2564 quondam
1441 2484 1586 2563 Pignata-

272 2574 333 2635 riae
351 2571 433 2650 juxta
456 2573 588 2634 domurn
614 2572 800 2653 praedictam
824 2592 895 2633 cum
920 2593 1097 2652 magasen0,
1122 2572 1237 2633 domus
1261 2592 1357 2654 prope
1382 2574 1586 2636 bacconerios

272 2662 373 2746 posita
389 2678 418 2723 et
434 2676 504 2743 post
519 2661 648 2722 darsana
664 2661 712 2721 via
737 2661 900 2741 mediante,
925 2661 983 2722 alia
1006 2662 1121 2723 domus
1144 2661 1253 2736 vicina,
1274 2661 1356 2723 volta
1373 2661 1455 2739 juxta
1472 2664 1586 2724 bacco-

273 2752 377 2814 nerios
400 2751 547 2813 deversus
572 2751 751 2828 Lordamer,
776 2751 890 2812 domus
917 2749 998 2828 juxta
1022 2751 1149 2812 Pisanos
1173 2751 1314 2812 carrubio
1337 2751 1502 2829 mediante,
1526 2751 1585 2813 alia

273 2842 387 2903 domus
412 2841 444 2901 in
469 2860 545 2919 ruga
573 2841 610 2901 de
634 2840 730 2901 tribus
763 2840 890 2920 meagiis
920 2855 990 2921 post
1019 2840 1132 2901 domos
1155 2840 1306 2902 Grimaldi
1331 2840 1492 2901 Bancherii
1516 2840 1584 2902 sita.

273 2931 355 2992 lnter
377 2930 494 3011 primos
517 2945 649 3010 apautus
672 2929 710 2990 de
734 2945 873 3010 tempore
893 2928 1031 2991 Simonis
1056 2929 1208 2991 Malocelli
1233 2943 1263 2989 et
1286 2929 1392 3007 Ogerii
1409 2929 1488 2991 Ricii
1505 2949 1585 2992 con-

272 3020 378 3081 sulum
395 3020 433 3080 de
450 3018 698 3100 possessionibus
715 3019 893 3080 communis
908 3019 1026 3080 traditis
1042 3019 1080 3079 ad
1097 3018 1274 3099 passagium
1291 3018 1361 3100 plus
1379 3018 1586 3081 offerentibus

272 3124 439 3171 vocantur:
457 3109 571 3169 domus
582 3123 651 3168 ante
662 3107 771 3169 turrim
783 3128 897 3169 novam
908 3108 1113 3169 Janueusium
1125 3127 1197 3169 cum
1214 3127 1344 3169 mazano
1361 3124 1390 3169 et
1406 3128 1585 3187 magasen0,

274 3197 358 3260 aliud
376 3216 579 3276 magasenum
596 3195 736 3274 ejusdem
753 3198 876 3273 domus,
893 3197 984 3259 turris
995 3212 1083 3259 vetus
1094 3197 1271 3259 communis
1282 3198 1428 3276 contigua
1438 3198 1586 3261 ecclesiae

274 3288 305 3350 S.
316 3286 485 3362 Laurentii,
498 3285 577 3348 volta
595 3285 735 3363 ejusdem
751 3287 843 3348 turris
853 3307 960 3348 versus
978 3287 1109 3367 plateam
1125 3287 1313 3364 communis,
1332 3287 1478 3368 palatium
1493 3304 1585 3350 vetus

273 3375 452 3438 communis
469 3377 609 3456 desuper,
626 3376 732 3437 subter
748 3376 834 3456 quod
851 3376 935 3437 curia
951 3391 1083 3453 tenetur,
1101 3377 1216 3437 domus
1227 3376 1390 3456 quondam
1406 3377 1585 3440 Bonlvicini

272 3486 345 3529 cum
362 3484 541 3543 magasen0,
553 3465 668 3526 domus
684 3464 793 3526 domui
811 3466 849 3526 de
861 3464 1025 3547 Capelletis
1041 3465 1139 3526 vicina
1156 3485 1229 3526 cum
1247 3485 1423 3543 magasen0,
1435 3465 1584 3546 palatium

272 3555 396 3617 tertium
420 3574 494 3615 ruae
516 3568 679 3634 coopertae
699 3553 781 3631 juxta
801 3554 914 3615 domos
929 3554 1073 3616 Thomae
1090 3571 1120 3615 et
1135 3554 1239 3616 Jacobi
1257 3555 1419 3634 quondum
1443 3554 1585 3617 Sabone-

272 3645 390 3707 riorum
403 3664 476 3705 cum
493 3644 516 3703 ll
533 3643 716 3722 magasenis,
727 3645 902 3705 secundum
914 3643 1061 3724 palatium
1072 3644 1110 3705 de
1121 3644 1200 3704 dicta
1216 3663 1292 3721 ruga
1310 3663 1381 3704 cum
1400 3645 1585 3723 magasenis,

271 3734 446 3796 secundum
469 3732 617 3814 palatium
642 3732 679 3792 de
703 3733 782 3793 dicta
806 3753 881 3812 ruga
905 3753 977 3794 cum
1002 3733 1187 3812 magasenis,
1214 3733 1360 3814 palatium
1384 3733 1485 3813 logiae
1509 3753 1583 3795 cum

272 3843 449 3903 magasen0,
473 3821 632 3903 palatium,
649 3823 734 3902 quod
760 3823 872 3884 dicitur
887 3823 1004 3898 Grifus,
1030 3842 1103 3883 cum
1121 3841 1297 3901 magasen0,
1315 3822 1463 3903 palatium
1480 3824 1583 3885 conti-

271 3933 371 3993 guum
388 3932 461 3973 cum
478 3930 655 3990 magasen0,
673 3912 795 3973 tertium
814 3912 961 3993 palatium
974 3913 1072 3972 dictae
1088 3931 1183 3991 rugae
1195 3912 1379 3991 contiguum
1392 3931 1465 3973 cum
1477 3931 1584 3992 maga-

270 4023 358 4083 sen0,
376 4001 459 4063 aliud
477 4020 678 4079 magasenum
695 4001 792 4062 dictae
811 4022 915 4082 rugae.
950 4001 1031 4062 Inter
1053 4017 1183 4082 apautus
1207 4001 1378 4062 domorum
1402 4002 1584 4064 communis

272 4093 319 4170 (ad
331 4092 461 4169 aunum)
471 4091 650 4151 traditarum
666 4090 735 4171 plus
752 4091 954 4153 offerentibus
970 4105 1111 4172 tempore
1128 4089 1307 4151 consulatus
1318 4090 1456 4152 Simonis
1469 4091 1583 4153 Mallo-

272 4182 339 4244 celli
357 4197 386 4243 et
402 4180 508 4260 Ogerii
532 4179 610 4241 Ricii
633 4195 722 4241 sunt:
749 4181 886 4261 primum
910 4200 1113 4261 magasenum
1138 4198 1211 4241 cum
1235 4182 1334 4241 banco
1356 4179 1448 4241 turris
1470 4182 1585 4243 veteris

272 4271 451 4333 communis
468 4272 593 4350 Januae,
618 4270 793 4331 secundum
811 4273 946 4333 bancum
963 4271 1061 4331 dictae
1077 4269 1169 4331 turris
1185 4289 1258 4330 cum
1275 4271 1434 4350 apotheca,
1455 4270 1586 4333 tertium

273 4381 346 4424 cum
363 4379 531 4439 magaseno
548 4357 671 4437 ejudem
690 4360 781 4420 turris
798 4375 916 4422 etcum
933 4360 1081 4440 apotheca
1093 4359 1238 4420 deversus
1250 4359 1381 4440 plateam
1392 4361 1584 4440 communis,

272 4451 399 4525 domus,
416 4468 496 4529 quae
514 4448 572 4510 fuit
588 4449 751 4510 Ademaris
768 4450 913 4529 contigua
931 4448 1040 4511 domui
1066 4447 1252 4525 communis,
1268 4468 1348 4528 quae
1366 4448 1422 4509 fuit
1439 4448 1586 4528 pignata-

272 4540 346 4615 riae,
364 4539 531 4619 apothecae
551 4538 587 4598 lll
605 4538 705 4618 palatii
730 4539 839 4600 veteris
862 4539 1051 4616 communis,
1076 4556 1240 4616 magasena
1263 4536 1404 4612 ejusdem
1428 4538 1530 4619 palatii
1555 4555 1586 4601 et

272 4629 356 4692 volta
368 4627 492 4702 domus,
504 4646 583 4707 quae
596 4626 652 4688 fuit
662 4627 847 4706 Bonivicini,
859 4628 883 4689 Il
893 4629 1018 4706 domus,
1030 4647 1110 4708 quae
1121 4627 1248 4689 fuerunt
1258 4626 1427 4699 Schivetae,
1439 4628 1586 4708 superius

278 4733 307 4780 et
322 4718 465 4797 desuper,
483 4717 540 4777 alia
556 4717 671 4778 domus
686 4716 842 4797 contigua,
853 4717 911 4779 alia
921 4715 1002 4795 juxta
1013 4716 1123 4779 turrim
1134 4736 1249 4778 novam
1259 4736 1296 4777 ex
1307 4731 1389 4796 parte
1401 4717 1585 4779 baconeriae

278 4806 407 4869 inferius
424 4823 453 4866 et
468 4805 622 4885 superius,
646 4805 703 4866 alia
727 4803 808 4880 juxta
828 4806 1038 4877 bacconerios,
1055 4825 1136 4886 quae
1153 4805 1211 4867 luit
1226 4805 1377 4868 Johannis
1393 4805 1584 4886 Osbergerii,

278 4897 335 4959 alia
352 4894 435 4975 juxta
452 4895 651 4957 bacconerios
667 4895 822 4977 contigua,
834 4896 891 4958 alia
901 4911 971 4957 ante
982 4895 1091 4958 turrim
1103 4914 1216 4958 novam
1227 4895 1411 4960 Pisanorum
1422 4895 1489 4975 sita,
1500 4914 1584 4981 quae
