3398 5400
597 352 952 428 regnisHierosolymitani.
1362 380 1423 441 349

120 448 360 457 ——.-.---—-
378 452 382 456 .
402 450 452 455 --.
469 450 508 455 —-
544 450 652 455 ..........-.
690 450 799 455 ...-.---
836 450 942 455 —.-..-
965 449 1174 456 ——-—--

120 577 249 639 aliarum
275 596 379 637 rerum
403 576 441 637 ad
465 575 577 637 dictam
604 575 763 637 ecclesiam
787 574 991 656 spectantium
1014 575 1218 652 donaverunt,
1243 574 1424 656 priusquam

120 667 267 728 Rafaniae
283 665 409 728 ecclesia
425 679 455 726 et
471 665 602 727 diocesis
617 665 839 727 Anteradensis
855 664 1007 743 uniretur,
1024 683 1111 725 nunc
1131 664 1281 745 indulget,
1305 683 1344 724 ne
1360 682 1426 723 ma-

119 756 205 835 gistri
216 771 245 817 et
255 755 355 817 clerici
366 754 509 817 antedicti
520 754 682 817 occasione
693 754 881 832 donationis,
892 752 1159 836 compositionum
1170 769 1199 814 et
1210 767 1426 814 contractuum

120 844 214 924 hujus
231 845 318 907 modi
335 845 367 907 in
384 843 514 924 juribus,
526 864 605 925 quae
618 864 672 925 per
688 844 842 906 unionem
858 844 1043 905 antedictam
1058 843 1224 904 accrevisse
1241 859 1425 920 noscuntur,

120 934 184 996 sive
200 935 232 996 in
248 934 320 996 loco
336 934 399 996 sive
416 935 448 995 in
466 933 598 996 dioecesi
610 933 788 995 Rafaniensi
805 933 946 1015 praefatis
963 933 1039 1013 quid
1057 931 1132 1012 juris
1141 933 1261 994 valeant
1272 931 1426 993 vindicare

120 1024 272 1102 (Sbaralea
288 1024 323 1104 ll,
340 1044 370 1106 p.
391 1024 575 1104 559—560‚
592 1024 652 1085 No.
675 1042 750 1104 151;
776 1023 923 1102 Putabam,
940 1023 1001 1084 No.
1026 1022 1154 1102 18927).
1336 1018 1426 1080 1332

170 1129 260 1191 1264
275 1136 355 1211 Aug.
374 1133 403 1210 8,
421 1131 485 1193 iud.
504 1131 567 1193 Vll.
592 1131 778 1192 Antiochiae
795 1131 828 1192 in
845 1131 942 1193 domo
959 1130 1061 1192 vicarii
1078 1129 1275 1211 patriarchae.
1293 1162 1337 1173 —
1352 1130 1426 1191 Bar-

120 1220 329 1300 tholomaeus,
346 1220 583 1282 archidiaconus
599 1220 826 1299 Antiochenus,
843 1220 1005 1302 opizonis,
1022 1220 1210 1300 patriarchae
1226 1218 1425 1296 Antiocheni‚

119 1309 260 1389 vicarius,
283 1310 524 1371 controversiam
547 1310 626 1371 inter
649 1311 808 1388 iacobum,
833 1308 863 1371 S.
883 1309 997 1370 Mariae
1013 1309 1052 1371 de
1068 1310 1213 1389 Josaphat
1228 1309 1380 1386 abbatem,
1397 1323 1428 1369 et

120 1400 292 1479 Phemiam,
316 1398 346 1461 S.
365 1399 469 1461 Lazari
487 1398 672 1462 monialium
690 1400 728 1460 de
744 1399 911 1460 Antiochia
934 1399 1127 1477 abbatissam,
1145 1414 1244 1460 ortam
1259 1396 1371 1459 scilicet
1388 1398 1425 1458 de

120 1490 201 1571 petia
217 1505 313 1551 terrae
330 1489 363 1551 iu
380 1490 517 1571 partibus
533 1489 716 1551 Antiochiae
739 1507 836 1571 prope
859 1488 991 1569 gastiuas
1015 1486 1130 1550 Suffiae
1147 1504 1176 1549 et
1192 1487 1340 1548 Lavedon
1361 1487 1425 1566 sita,

120 1598 191 1659 su0,
208 1578 325 1641 abbatis
341 1594 369 1640 et
386 1579 552 1640 abbatissae
569 1578 676 1658 sigillis
692 1578 840 1661 appositis
857 1577 987 1651 dirimit;
1006 1577 1162 1639 buicvero
1173 1575 1270 1659 petiae
1281 1576 1428 1655 contigua

120 1685 166 1730 est
181 1671 218 1730 ab
235 1669 353 1731 oriente
371 1686 448 1730 terra
460 1667 585 1747 Sufliae,
597 1686 676 1748 quae
693 1685 737 1728 est
753 1667 932 1730 monasterii
951 1666 982 1729 S.
994 1666 1110 1728 Mariae
1127 1667 1165 1728 de
1183 1665 1288 1743 Ferr0,
1305 1681 1334 1727 et
1349 1682 1427 1727 terra

120 1759 238 1819 Terrici
264 1758 302 1819 de
329 1758 467 1837 Moneta,
493 1777 573 1838 quae
599 1775 665 1819 non
691 1774 735 1818 est
760 1756 922 1819 Guillelmi
948 1755 1100 1836 Manselli,
1127 1771 1157 1817 et
1180 1755 1226 1815 via
1249 1756 1367 1817 ducens
1388 1755 1426 1815 ad

121 1848 340 1909 molendinum
373 1846 507 1908 Lebebie
534 1863 563 1908 et
587 1847 751 1927 antiquus.
767 1846 898 1908 fossatus
930 1846 1048 1925 vineae,
1075 1865 1155 1926 quae
1181 1845 1239 1906 fuit
1263 1845 1427 1925 quondam

120 1936 281 1999 Guillelmi
305 1937 343 1998 de
368 1936 471 1998 Melfia
494 1937 686 1998 descendens
709 1956 725 1997 a
745 1936 921 1997 summitate
943 1935 1064 1997 toronis
1086 1935 1125 1996 de
1148 1934 1177 1995 la
1196 1933 1298 1996 Sciara
1321 1954 1427 1995 versus

121 2026 307 2108 praedictam
324 2043 434 2088 terram
450 2025 612 2089 Guillelmi
628 2025 779 2105 Manselli,
795 2027 832 2086 ab
849 2025 1009 2087 occidente
1027 2025 1145 2086 flumen
1163 2024 1247 2085 Ferri
1264 2040 1292 2084 et
1309 2022 1427 2085 rivulus

120 2116 250 2196 primus,
267 2117 323 2197 qui
347 2115 504 2177 descendit
519 2115 558 2176 de
574 2114 731 2197 praedicto
754 2129 865 2177 totone
882 2114 913 2175 in
931 2115 1050 2176 flumen
1067 2113 1162 2192 Ferri,
1179 2134 1195 2174 a
1213 2112 1340 2174 meridie
1357 2112 1427 2193 qui-

121 2205 193 2266 dam
216 2205 348 2267 fossatus
372 2206 460 2267 istam
484 2204 597 2287 petiam
620 2206 658 2266 ab
682 2204 739 2266 alia
762 2204 914 2284 dividens,
936 2224 1016 2285 quae
1042 2221 1086 2265 est
1111 2203 1212 2265 eidem
1239 2202 1427 2264 monasterio

121 2294 150 2356 S.
167 2295 273 2356 Lazari
296 2310 325 2357 et
347 2311 391 2356 est
413 2310 483 2355 ante
507 2293 616 2354 turrim
641 2293 746 2355 casalis
769 2293 912 2373 Lebebie,
937 2294 1023 2374 quod
1049 2292 1126 2355 ultra
1150 2292 1269 2354 flumen
1293 2291 1377 2352 Ferri
1399 2307 1427 2353 et

121 2384 298 2446 monasterii
316 2385 354 2446 de
364 2384 471 2446 Arsaia
488 2400 541 2459 est,
559 2404 576 2444 a
592 2383 801 2466 septentrione
818 2399 862 2444 est
878 2383 1010 2445 fossatus
1026 2383 1184 2463 antiquus,
1202 2380 1288 2462 quod
1305 2381 1366 2458 (sic)
1383 2397 1428 2442 est

122 2473 153 2534 in
177 2473 352 2534 summitate
377 2473 522 2556 praedicti
545 2473 664 2535 toronis
688 2472 725 2533 de
749 2473 777 2533 la
800 2472 911 2551 Sciara,
935 2473 989 2553 qui
1013 2471 1119 2553 incipit
1141 2493 1158 2533 a
1181 2471 1248 2533 rivo
1272 2471 1427 2552 praedicto

121 2562 250 2623 veniens
267 2582 372 2623 versus
395 2563 546 2625 orientem
564 2582 664 2643 usque
681 2562 719 2623 ad
736 2562 956 2623 extremitatem
973 2562 1071 2644 ipsius
1087 2560 1208 2623 toronis
1224 2576 1253 2621 et
1269 2559 1428 2621 descendit

121 2671 227 2713 versus
244 2652 416 2729 meridiem,
434 2653 489 2732 qui
511 2667 574 2714 erat
596 2652 744 2732 antiquus
768 2651 900 2713 fossatus
922 2651 1029 2713 vineae
1046 2650 1193 2733 praedicti
1209 2649 1371 2713 Guillelmi
1388 2650 1427 2710 de

122 2740 236 2802 Melfia.
252 2775 296 2785 —
312 2740 467 2820 Albertus,
486 2742 571 2823 prior
587 2742 702 2802 domus
718 2740 842 2802 Latinae
858 2741 1082 2818 Antiochenae,
1093 2738 1262 2801 Gilibertus
1272 2739 1427 2800 Alvernus

121 2847 151 2892 et
166 2831 324 2892 lohannes
340 2831 497 2912 Yspauus,
515 2830 619 2892 fratres
636 2831 675 2891 de
692 2829 802 2892 ordine
826 2830 1086 2908 Praedicatorum,
1110 2829 1270 2891 Durautus
1286 2844 1316 2890 et
1332 2829 1427 2889 Nico-

122 2921 198 3000 laus,
216 2920 362 2983 monachi
379 2921 418 2982 de
433 2921 587 3001 Josaphat.
619 2919 810 2981 Guillelmus
830 2920 910 2981 Petri
935 2919 1072 2981 notarius
1095 2918 1214 3001 scripsit
1230 2917 1426 2998 (Delaborde,

121 3030 151 3092 p.
176 3031 369 3089 117-119,
387 3010 448 3072 No.
470 3010 530 3090 57).
547 3024 556 3093 tt
571 3009 618 3070 De
635 3010 692 3070 hac
711 3008 920 3071 conventione
938 3009 975 3070 cf.
992 3009 1109 3071 ZDPV.
1126 3008 1165 3088 X,
1189 3028 1219 3090 p.
1239 3026 1421 3070 220-221

121 3114 150 3160 et
166 3100 295 3162 Ursmar
310 3099 454 3177 Berliere,
471 3120 501 3182 p.
519 3120 594 3179 491·
1336 3094 1426 3156 1333

203 3251 223 3284 ‚‚
270 3207 352 3288 Sept.
377 3207 424 3286 16,
449 3206 512 3267 ind.
531 3206 607 3268 Vlll.
639 3211 748 3268 Accon
771 3206 804 3268 in
828 3207 926 3288 platea
949 3206 980 3267 S.
996 3204 1148 3266 iohannis
1173 3204 1206 3266 in
1231 3204 1329 3266 domo
1355 3205 1427 3266 dicti

121 3295 300 3377 Hospitalis.
318 3331 360 3340 -
378 3295 488 3372 Saliba,
506 3295 579 3357 civis
589 3295 792 3373 Acconeusis,
810 3296 962 3357 confrater
972 3294 1150 3376 Hospitalis,
1168 3308 1351 3355 testamento
1367 3314 1427 3356 suo

122 3386 203 3446 varia
220 3386 366 3468 disponit.
392 3387 425 3447 ln
442 3386 549 3467 primis
560 3385 706 3465 magistro
717 3385 886 3467 Hospitalis
897 3385 994 3446 donat
1004 3385 1136 3445 domum
1148 3383 1180 3445 in
1191 3385 1292 3463 burgo
1301 3384 1427 3466 Templi

121 3475 221 3553 sitam,
246 3476 359 3537 deinde
383 3475 513 3536 fabricae
535 3475 710 3536 Acconensi
727 3475 843 3536 XXXV
860 3489 889 3536 et
905 3494 961 3555 pro
985 3493 1051 3535 uno
1075 3472 1267 3555 cappellano,
1291 3473 1345 3553 qui
1370 3492 1427 3554 pro

122 3565 220 3646 ipsius
236 3564 338 3625 anima
355 3578 456 3625 cantet
472 3565 504 3625 in
521 3564 646 3625 ecclesia
663 3564 693 3625 S.
712 3564 869 3625 Laurentii
887 3563 1073 3642 Acconeusi,
1091 3582 1280 3645 perannum
1299 3562 1428 3624 XXXVI

121 3654 269 3716 bisantios
286 3653 375 3734 legat,
393 3654 431 3714 ad
448 3655 688 3735 praeparandam
705 3653 863 3714 tarraciam
880 3651 1020 3732 ejusdem
1037 3652 1181 3714 ecclesiae
1198 3653 1235 3730 V,
1252 3652 1325 3713 alias
1341 3670 1427 3713 sum-

122 3763 188 3803 mas
204 3762 238 3803 ac
255 3746 337 3804 bona
353 3742 453 3803 sorori
469 3763 542 3804 suae
560 3743 709 3824 Naymae,
730 3741 871 3804 filiastrae
895 3762 968 3803 suae
992 3741 1145 3819 isabellae,
1170 3740 1248 3802 filiae
1265 3742 1426 3821 quondam

122 3831 281 3915 Stephani,
299 3830 377 3893 filiae
394 3851 468 3893 suae
485 3830 654 3910 Katelinae,
665 3831 840 3909 Leonard0,
851 3831 1031 3909 Dominico,
1042 3831 1240 3892 Thomasino
1251 3847 1279 3891 et
1290 3830 1428 3910 Georgio

122 3921 299 4003 nepotibus,
317 3920 476 4001 Sarquisio
492 3918 623 4001 ejusque
641 3921 716 4001 filio,
734 3920 882 3996 Settedar,
900 3920 990 3982 uxori
1008 3920 1170 4001 quondam
1187 3919 1295 3997 fratris,
1313 3920 1427 3999 Vistae,

122 4010 201 4072 filiae
218 4011 356 4090 Georgii,
374 4009 499 4072 Caolfae
516 4011 672 4093 neptibus,
689 4011 831 4091 quinque
849 4010 918 4071 filiis
934 4011 1080 4088 Bederae,
1097 4010 1195 4071 fratris
1211 4010 1270 4088 sui,
1288 4011 1427 4072 Lauren-

121 4100 176 4180 tio,
193 4101 334 4177 Nicola0,
359 4101 604 4181 Bonaventurae,
629 4100 828 4161 Leonardino
854 4116 883 4161 et
905 4100 1079 4177 lsabelloni,
1097 4099 1209 4161 deinde
1227 4098 1372 4181 hospitali
1389 4099 1427 4160 de

122 4189 152 4252 S.
164 4189 289 4271 Spiritu,
305 4188 336 4251 S.
349 4189 463 4271 Agneti
479 4206 509 4251 et
525 4189 684 4251 sororibus
701 4188 777 4271 ejus,
790 4189 933 4251 fratribus
949 4188 1222 4267 Praedicatoribus,
1241 4187 1426 4268 Minoribus,

121 4281 155 4341 B.
174 4281 287 4341 Mariae
305 4280 506 4360 Magdalenae
529 4279 689 4341 sororibus
712 4279 959 4360 Repentitarum‚
977 4279 1120 4341 fratribus
1137 4278 1280 4355 Carmeli,
1301 4277 1427 4338 misellis

122 4368 152 4431 S.
171 4370 288 4449 Lazari,
305 4369 450 4451 hospitali
466 4369 497 4430 S.
514 4369 655 4448 Antonii,
672 4367 702 4430 S.
719 4368 873 4449 Trinitati,
897 4367 926 4430 S.
943 4369 1100 4449 Brigittae,
1117 4367 1261 4450 hospitali
1285 4366 1316 4429 S.
1334 4369 1427 4429 Kate-

120 4460 211 4538 linae,
236 4460 270 4522 B.
295 4460 410 4521 Mariae
437 4458 630 4537 Provinciali,
656 4473 724 4519 turn
749 4458 863 4520 Mariae
888 4459 1056 4540 baptizatae
1079 4477 1163 4535 suae,
1189 4461 1303 4518 Ameto
1327 4476 1426 4535 servo,

121 4549 257 4632 Sophiae
268 4569 381 4627 servae,
392 4549 457 4610 suis
468 4547 668 4630 baptizandis.
686 4548 732 4608 De
744 4564 845 4610 cetero
855 4567 1006 4627 magnum
1017 4546 1186 4630 Hospitalis
1197 4561 1428 4629 praeceptorem

122 4639 317 4721 Stephanum
334 4640 372 4700 de
389 4638 490 4700 Mases
507 4638 653 4699 heredem
670 4657 764 4699 suum
782 4652 812 4698 et
827 4651 947 4720 praeter
963 4656 1036 4699 eum
1053 4636 1226 4698 testamenti
1249 4652 1428 4698 executores

120 4729 315 4790 Bernardum
348 4728 427 4789 Petri
453 4727 554 4789 Pisani
580 4742 609 4789 et
634 4726 841 4789 Guillelmum
866 4727 905 4789 de
926 4729 1032 4789 Mortu
1057 4726 1245 4788 Januensem
1271 4725 1428 4788 constituit

122 4837 226 4880 coram
252 4817 377 4879 Thoma
402 4818 526 4897 Mausu,
557 4831 756 4899 praeceptore
787 4816 887 4878 voltae
913 4816 943 4879 S.
964 4815 1115 4878 lobannis
1140 4815 1426 4898 Hierosolymitani,

120 4909 236 4972 Jacobo
246 4908 285 4969 de
296 4908 448 4988 Messana,
458 4908 677 4969 Bonaventura
687 4907 726 4969 de
736 4906 899 4987 Fabriano,
909 4906 1009 4986 Petr0,
1021 4904 1085 4968 filio
1095 4906 1258 4988 quondam
1269 4905 1428 4969 Michaelis
