3398 5400
280 346 339 425 138
838 340 1013 413 Regesta

1338 431 1576 441 ——--—-—-..

274 577 369 636 secca,
394 558 562 619 Anselmus
581 559 619 620 de
636 559 703 634 Pas,
727 563 799 620 Atto
816 560 854 620 de
873 560 978 639 Maria,
1005 560 1147 622 Roardus
1163 561 1201 621 de
1217 560 1326 641 Joppe,
1350 557 1525 620 Amalricus
1541 558 1580 619 de

275 647 433 725 Caesarea,
450 649 606 710 Robertus
622 649 660 709 de
680 648 819 709 Pinkeni.
853 649 966 710 Datum
984 650 1175 711 iherusalem
1191 668 1246 729 per
1261 667 1392 710 manum
1408 647 1579 726 Guillelmi,

274 737 424 818 Tyreusis
435 752 464 799 et
472 738 621 799 Nazareni
631 737 838 800 archidiaconi
846 739 990 819 regisque
998 738 1169 800 cancellarii
1181 738 1276 815 (Paoli
1285 738 1306 815 l,
1316 758 1346 820 p.
1358 758 1430 817 245,
1440 737 1579 811 N0.202;

275 826 313 888 cf.
330 846 423 908 supra
440 827 500 889 No.
518 827 604 907 432).
1510 824 1581 886 518

325 931 415 993 1174
432 935 505 995 Dec.
526 969 566 977 -
583 934 791 1004 RaimunduS‚
809 954 914 995 comes
930 935 959 995 Τ
961 935 1153 1016 ripolitanus,
1179 934 1321 996 fratribus
1338 932 1507 1015 Hospitalis
1527 953 1582 1014 per

276 1042 406 1084 manum
422 1024 552 1084 Josberti
577 1023 712 1102 magistri
735 1039 764 1084 et
788 1023 885 1084 fratris
902 1025 1043 1086 Arnaudi
1060 1023 1238 1100 Lombatdi,
1262 1025 1318 1104 qui
1333 1023 1547 1084 liberationem
1564 1042 1581 1084 e

276 1131 372 1173 manu
389 1113 568 1174 Tuscorum
585 1113 682 1193 ipsius
699 1111 781 1173 fideli
799 1113 870 1174 nisu
888 1113 1121 1194 perquisierant,
1142 1132 1350 1194 quaecunque
1368 1128 1453 1195 pater
1469 1110 1535 1189 ejus
1552 1127 1581 1172 et

276 1217 483 1263 antecessores
508 1221 648 1282 unquam
672 1203 878 1282 donaverunt,
903 1202 1006 1264 laudat
1025 1219 1054 1263 et
1069 1202 1170 1282 sigillo
1187 1201 1350 1264 confirmat
1366 1221 1491 1263 necnon
1508 1219 1580 1283 por·

277 1291 406 1371 tionem,
429 1311 509 1371 quae
526 1291 638 1352 dicitur
653 1291 763 1369 vexilli,
780 1292 914 1370 dimittit,
939 1292 1079 1353 videlicet
1095 1293 1291 1353 medietatem
1307 1291 1480 1374 spoliorum
1499 1290 1581 1351 bello

278 1380 445 1458 factorum,
470 1400 564 1461 quam
591 1395 675 1461 pater
706 1381 893 1457 Raimundi,
925 1382 1102 1462 cuicunque
1133 1382 1214 1443 bello
1242 1381 1306 1462 ipse
1338 1381 1492 1458 intererat,
1522 1379 1580 1440 sibi

276 1486 487 1531 reservaverat.
505 1503 549 1513 -
566 1470 739 1548 Romanus,
757 1471 922 1552 episcopus
937 1471 1162 1552 Tripolitanus,
1179 1472 1336 1531 Josbertus
1353 1469 1505 1549 magister,
1522 1473 1581 1529 Ar-

277 1559 399 1619 naudus
425 1559 635 1636 lombardus,
663 1559 820 1638 Seguinus
846 1560 974 1639 Rullus,
1000 1560 1190 1636 Bernardus,
1217 1558 1366 1621 Bonellus
1391 1556 1580 1640 capellanus,

277 1647 396 1723 fratres3
416 1646 572 1709 Anfredus
588 1650 626 1709 de
642 1649 795 1726 Toronlo)
812 1650 1069 1725 constabularius,
1087 1649 1183 1730 Hugo
1194 1647 1355 1726 deBiblio,
1373 1647 1581 1726 Raimundus,

277 1737 366 1798 frater
389 1735 464 1815 ejus,
491 1737 687 1799 Raimundus
711 1739 749 1800 de
773 1739 953 1819 Nephinlo),
977 1738 1166 1801 Guillelmus
1190 1737 1295 1817 Dorel,
1319 1739 1469 1799 Arbertus
1493 1737 1581 1798 Sara-

276 1825 414 1904 manlni),
432 1827 579 1907 Arradus,
593 1829 768 1889 Bernamus
779 1828 927 1906 Porcelet,
939 1829 1117 1908 Rostagnus
1127 1829 1165 1889 de
1177 1829 1208 1889 S.
1221 1828 1382 1905 Montano,
1393 1825 1582 1889 Guillehnus

276 1915 458 1994 vicecomes,
474 1918 641 1993 lohannes,
660 1916 742 1978 filius
753 1915 828 1995 ejus,
844 1918 940 1997 Hugo
959 1919 1052 1998 Days,
1069 1918 1203 1978 Poncius
1214 1918 1252 1978 de
1264 1917 1375 1992 Suura,
1393 1915 1582 1978 Guillelmus

277 2005 463 2088 Berengarii,
481 2007 587 2067 Petrus
604 2007 641 2067 de
658 2006 827 2086 Lezignan,
846 2007 1043 2068 Raimundus
1057 2007 1096 2068 de
1112 2006 1297 2083 Monteoliu,
1307 2006 1326 2084 ¹)
1343 2004 1532 2067 Guilielmus
1543 2004 1581 2065 de

277 2094 443 2173 Caumont,
461 2096 619 2156 lohannes
636 2095 674 2156 de
692 2096 801 2173 Suura,
818 2095 1008 2158 Guillelmus
1025 2096 1135 2175 Fortis,
1153 2096 1243 2157 frater
1258 2093 1325 2174 ejus
1341 2097 1386 2173 B,
1404 2095 1582 2155 Bertramus

277 2184 315 2245 de
332 2185 535 2262 Pontarudes,
552 2184 725 2246 Balduinus
740 2185 934 2263 Romanlus),
952 2187 1059 2247 Petrus
1070 2185 1227 2262 Bernardi,
1245 2184 1453 2246 Aribertusde
1466 2182 1582 2244 Monti-

277 2273 377 2350 niac0,
395 2273 592 2335 Raimundus
607 2274 645 2335 de
660 2275 748 2352 Curt,
765 2274 953 2336 Guillelmus
964 2275 1101 2353 Firmini,
1116 2276 1259 2353 lacobus,
1276 2273 1464 2336 Guillelmus
1474 2273 1581 2351 Bidoz,

278 2363 404 2441 regulus
416 2363 438 2441 ²)
456 2363 575 2441 Simon,
593 2364 719 2443 regulus
734 2364 899 2443 Georgius,
917 2364 1043 2444 regulus
1055 2364 1147 2442 Mafa,
1165 2364 1308 2443 magister
1325 2364 1499 2424 Matthaeus
1510 2381 1583 2422 can-

278 2451 428 2530 cellarius,
446 2451 535 2531 cujus
545 2472 638 2534 opera
649 2454 709 2515 hoc
720 2453 916 2535 privilegium
927 2454 1042 2514 factum
1053 2471 1097 2515 est
1113 2452 1208 2530 (Paoli
1219 2454 1240 2530 l,
1258 2473 1286 2535 p.
1301 2453 1440 2533 54—56,
1451 2452 1512 2513 No,
1528 2469 1581 2530 543

277 2541 314 2602 cf.
331 2561 360 2622 p.
382 2542 462 2622 503).
1511 2537 1583 2600 519

352 2637 372 2702 ¹)
386 2633 462 2689 Alias
472 2633 644 2704 Montolivo,
655 2634 798 2693 hlontolif.
868 2639 890 2703 ²)
904 2635 969 2691 Sive
982 2635 1083 2691 raizius
1096 2636 1186 2704 (arab.
1197 2650 1203 2689 :
1216 2635 1299 2704 reis);
1322 2633 1357 2691 cf.
1371 2633 1445 2688 infra
1456 2635 1511 2689 Nn.
1523 2651 1583 2705 5²¹·

359 2774 378 2805 „
425 2764 468 2772 -
485 2730 591 2810 Hugn,
615 2730 765 2792 dominus
782 2731 881 2809 Biblii,
907 2731 1104 2792 Raimundus
1121 2730 1212 2791 frater
1235 2745 1264 2790 et
1280 2730 1385 2808 Hugo,
1404 2727 1486 2789 filius
1506 2726 1583 2806 ejus,

278 2838 432 2880 consensu
458 2819 635 2895 Raimundi,
661 2821 781 2880 comitis
803 2820 1000 2901 Tripolitani,
1027 2819 1180 2901 Hospitali
1207 2839 1261 2901 per
1286 2837 1416 2879 manum
1442 2817 1583 2878 Arnaudi

279 2907 457 2985 lombardi,
483 2909 599 2969 Montis
615 2909 773 2988 Peregrini
797 2911 1012 2992 praeceptoris,
1037 2909 1139 2988 sigillo
1162 2909 1305 2970 concedit
1321 2923 1431 2969 terram
1449 2907 1482 2967 in
1498 2907 1584 2967 terri·

279 2996 358 3058 torio
375 2997 481 3058 casalis
497 2998 669 3075 Bechestin,
687 3018 767 3080 quae
785 3000 879 3079 vulgo
895 2999 1068 3081 appellatur
1083 2999 1244 3059 Jardinum
1260 2998 1298 3058 de
1315 2997 1343 3057 la
1360 2998 1476 3057 Nonua
1492 3010 1522 3057 et
1537 2996 1585 3057 his

279 3086 417 3146 terminis
433 3086 701 3148 circumcluditur:
719 3109 736 3149 a
752 3089 910 3150 montanis
926 3088 1070 3168 contigua
1088 3105 1131 3148 est
1147 3087 1270 3148 cuidam
1288 3086 1412 3163 fossato,
1430 3085 1510 3146 sicut
1525 3085 1585 3146 itur

279 3174 336 3250 via,
354 3194 433 3255 quae
449 3176 545 3236 tendit
555 3177 593 3237 ad
604 3177 717 3238 vadum
729 3178 843 3239 mortui
854 3179 993 3240 fluminis
1004 3180 1080 3238 crab
1091 3177 1198 3238 eadem
1211 3191 1293 3257 parte
1304 3195 1411 3236 versus
1422 3174 1584 3235 meridiem

279 3279 309 3324 et
319 3265 512 3326 occidentem
523 3267 715 3328 contermina
726 3285 770 3327 est
780 3268 865 3329 terris
877 3268 973 3349 ipsius
984 3267 1130 3346 Hugonis
1141 3266 1178 3327 de
1190 3265 1301 3339 Biblio,
1319 3266 1466 3326 deorsum
1479 3283 1585 3324 versus

281 3355 422 3415 Montem
438 3355 639 3434 Peregrinum
658 3357 743 3417 terris
761 3357 891 3418 Rusteni
908 3358 946 3418 de
963 3357 993 3418 S.
1007 3358 1170 3432 Montan0,
1188 3354 1244 3414 all
1262 3354 1327 3414 aliis
1341 3352 1489 3414 lateribus
1499 3353 1585 3414 terris

280 3442 447 3522 Hospitalis
470 3442 658 3523 adjungitur.
682 3478 726 3488 -
749 3445 966 3522 Rlaimundus)
991 3465 1107 3519 comes,
1133 3443 1322 3506 Guillelmus
1345 3444 1383 3503 de
1408 3442 1584 3520 Marreclea,

279 3532 422 3593 Bertinus
438 3533 556 3610 Porcel,
578 3536 726 3595 Arbertus
743 3535 878 3613 Sarania,
887 3537 907 3613 ¹)
925 3536 1070 3609 Arradus,
1087 3534 1223 3612 Engel,²)
1241 3532 1429 3594 Guillelmus
1446 3532 1484 3592 de
1501 3532 1585 3593 Cau-

280 3637 396 3696 monte,
421 3624 571 3683 Arbertus
594 3624 631 3684 de
657 3625 858 3703 Montiniaco,
883 3625 1016 3704 Ogerius
1041 3623 1220 3700 Furnarius,
1245 3621 1401 3683 Henricus
1417 3621 1455 3682 de
1472 3621 1584 3698 Bibli0,

281 3710 462 3772 Rainaudus
471 3713 509 3772 de
518 3713 628 3790 Biblio,
638 3713 714 3792 Sais,
723 3714 911 3776 Guillelmus
920 3715 1085 3776 Catalanus
1096 3711 1220 3789 (Paolil,
1231 3731 1281 3793 p.2
1292 3711 1401 3788 10,N0.
1419 3711 1497 3786 ror).
1515 3707 1587 3770 520

355 3806 376 3870 ¹)
389 3803 465 3858 Alias
479 3804 707 3873 Saramanmus).
783 3809 805 3873 ⁹)
818 3807 895 3862 Alias
910 3805 1086 3877 Engelerius‚
1100 3803 1277 3875 Angelerius.

361 3944 380 3974 „
426 3900 651 3963 —Rainaldus
668 3903 813 3979 Masueri,
831 3903 911 3963 filius
929 3901 1070 3963 Rainaldi
1088 3899 1233 3973 Masueri,
1251 3919 1406 3961 consensu
1425 3898 1585 3959 Bertrandi

281 3986 625 4070 liliidomuiHospitalis
636 3990 765 4072 ejusque
777 3992 922 4070 magistro
930 3993 1071 4053 Josberto
1080 4010 1134 4071 per
1142 4009 1270 4050 manum
1280 3988 1411 4049 Guarini
1420 3988 1458 4049 de
1469 3989 1586 4065 Mesoa,

280 4075 418 4153 ejusdem
437 4080 653 4161 praeceptoris,
669 4082 764 4143 donat
780 4098 808 4142 et
825 4082 967 4142 concedit
984 4080 1092 4141 casalia
1110 4079 1220 4160 Tyron
1238 4093 1266 4139 et
1282 4077 1410 4140 Corveis
1427 4096 1500 4138 cum
1518 4096 1585 4158 per·

280 4167 416 4228 tinentiis
439 4185 557 4248 praeter
574 4170 744 4231 districtum
761 4186 800 4241 et,
818 4172 904 4251 quod
921 4171 1034 4231 eodem
1051 4168 1227 4230 continetur
1249 4186 1356 4228 versus
1372 4166 1531 4227 castellum
1548 4166 1587 4227 de

282 4257 430 4336 Margam,
444 4277 569 4319 necnon
578 4260 728 4338 gastinam
740 4261 777 4320 de
789 4259 899 4336 Meois,
911 4261 1037 4322 hortum
1049 4273 1118 4319 ante
1129 4274 1249 4339 portam
1260 4256 1430 4338 Hospitalis
1441 4254 1586 4317 Valeniae

280 4343 373 4407 situm
401 4364 429 4408 et
454 4364 576 4429 pratum
602 4364 671 4410 ante
695 4349 791 4410 casale
814 4350 934 4430 Tyron.
970 4350 1100 4429 lnsuper
1123 4347 1233 4407 iisdem
1258 4345 1400 4407 fratribus
1423 4344 1587 4406 confirmat

281 4436 413 4514 donum,
430 4438 516 4516 quod
528 4438 751 4518 Abdelmessie,
767 4439 828 4499 raiz
840 4439 859 4515 ¹)
871 4440 908 4499 de
921 4440 1070 4518 Margato,
1082 4436 1160 4512 fecit,
1171 4436 1311 4496 videlicet
1322 4435 1358 4495 111
1371 4450 1470 4516 partes
1480 4432 1587 4495 casalis

282 4525 441 4602 Meserale,
459 4525 497 4586 ita
514 4542 627 4605 tamen,
646 4544 679 4589 ut
696 4548 768 4589 cum
779 4527 927 4607 Georgio,
945 4528 1016 4589 dicti
1034 4527 1095 4587 raiz
1110 4545 1236 4606 genem,
1253 4524 1308 4605 qui
1326 4522 1465 4603 ejusdem
1482 4523 1587 4584 casalis

281 4631 363 4676 tenet
380 4632 519 4695 quartam
538 4633 665 4698 partem,
677 4620 759 4678 bona
776 4617 878 4678 futura
895 4618 1065 4698 partiantur
1079 4632 1118 4693 et,
1127 4615 1213 4695 quod
1226 4613 1377 4675 Martinus
1386 4615 1424 4675 de
1436 4612 1587 4674 Nazareth

281 4704 375 4775 dedit,
399 4704 513 4766 scilicet
534 4707 653 4768 tertiam
678 4722 793 4788 partem
811 4708 957 4768 casalium
975 4707 1114 4783 Belusae,
1138 4704 1321 4765 Archamiae
1337 4719 1367 4764 et
1382 4703 1526 4765 Cordiae.
1543 4735 1587 4746 -

294 4803 590 4908 ’Tilcffarahica
611 4844 686 4908 quae
699 4826 840 4955 significat
853 4825 1009 4906 principem
1024 4825 1115 4894 gentis
1133 4823 1335 4893 (aregulum»),
1354 4821 1413 4877 sive
1432 4821 1523 4877 tribus
1543 4820 1587 4875 in-

282 4902 450 4970 digenarum
459 4898 559 4971 Syrtae
567 4900 647 4971 (Lors
655 4900 710 4969 [ed.
745 4901 865 4972 eugnot]
874 4899 928 4970 l,p.
938 4911 985 4968 20,
998 4897 1093 4967 Prutz,
1102 4893 1346 4967 Culturgesch.,p.
1355 4911 1505 4966 250-252,
1513 4897 1587 4966 547).
