3398 5400
279 372 339 414 202
841 348 1016 419 Regesta

277 566 436 644 Girardus,
447 566 465 643 ¹)
482 565 726 628 constabularius
742 568 966 649 Tripolitanos,
994 569 1191 630 Raimundus
1207 570 1244 630 de
1262 567 1479 645 Scandalione,
1496 568 1582 629 Gau-

277 656 374 717 fridus
385 656 424 716 de
435 655 607 730 Cusantiis3
626 657 664 716 de
681 656 823 718 fratribus
834 657 1018 739 Hospitalis:
1038 659 1143 720 Petrus
1154 659 1193 719 de
1203 657 1388 734 Mirmanda,
1398 656 1583 718 castellanus

277 745 370 817 CratI,
388 746 495 807 Petrus
511 745 680 823 d'Escurai,
698 747 880 807 castellanus
897 747 1036 826 Margati,
1055 748 1200 830 Hylarius
1216 747 1402 829 capellanus,
1413 745 1583 809 Gaulirdus

277 835 339 912 (sic)
358 834 462 911 Ratus,
479 833 601 910 baiulus
617 836 731 896 domus
748 835 972 911 Antiochense,
990 837 1142 916 Rogerius
1159 838 1197 898 de
1214 837 1395 917 Campania,
1413 836 1582 914 Fortunas,

277 924 354 986 olim
371 924 553 986 castellanus
569 925 746 1005 Empostae,
765 925 927 986 Rolandus
942 926 1201 1004 Burgundiensis,
1219 925 1343 987 Santius
1360 925 1583 1002 Alverniensis,

180 1040 183 1045 ·
277 1015 330 1074 W.
342 1015 379 1074 de
391 1014 526 1090 Morent,
543 1014 654 1074 Simon
670 1013 886 1075 senescalchus
897 1015 1054 1091 (Delaville
1065 1014 1093 1076 le
1104 1014 1216 1093 Roulx,
1229 1035 1258 1096 p.
1273 1016 1455 1089 166-167,
1467 1016 1528 1076 Nu.
1541 1015 1583 1076 66

278 1102 326 1183 [cf.
339 1123 368 1184 p.
389 1100 452 1182 13];
478 1102 515 1164 cf.
533 1103 681 1164 Archives
698 1104 727 1166 d.
744 1104 827 1165 miss.
846 1104 974 1166 scientis.
993 1105 1002 1165 Ι
1020 1105 1096 1182 Se'r.,
1116 1105 1150 1182 II,
1168 1125 1198 1187 p.
1218 1106 1257 1182 7).
1274 1102 1282 1188 t}
1299 1104 1369 1165 Hoc
1386 1103 1584 1186 privilegium

276 1193 470 1270 Eustorgius,
498 1191 697 1270 Nicosiensis,
724 1210 752 1254 et
778 1193 899 1271 Petrus,
925 1193 1146 1271 Caesariensis,
1173 1194 1395 1274 archiepiscopi
1418 1193 1584 1271 (autumno

284 1287 384 1347 1217?
402 1282 450 1343 Cf.
462 1282 593 1359 Eracles,
606 1302 635 1362 p.
650 1283 723 1361 322)
739 1302 771 1343 se
784 1282 905 1357 vidisse,
923 1283 1030 1363 sigillis
1047 1283 1232 1344 confirmant
1249 1283 1409 1359 (Delaville
1426 1283 1453 1344 le
1470 1282 1584 1360 Roulx,

278 1391 306 1451 p.
332 1373 400 1449 167,
418 1372 479 1432 Νο.
497 1371 560 1448 66),
585 1371 623 1432 de
648 1391 784 1451 quorum
809 1371 917 1450 sigillis
940 1373 977 1433 cf.
997 1372 1143 1434 Delaville
1160 1373 1189 1433 le
1205 1373 1320 1451 Ronlx,
1345 1373 1404 1433 Les
1424 1391 1535 1434 sceaux
1552 1371 1585 1432 in

278 1461 373 1521 Mc'm.
392 1461 421 1521 d.
439 1460 534 1540 antiq.
552 1460 590 1520 de
607 1459 724 1521 France
748 1462 838 1540 1886,
857 1462 976 1537 XLVII,
995 1482 1024 1543 p.
1044 1464 1229 1543 237-238,
1249 1462 1444 1543 241—243).
1515 1456 1584 1520 757

352 1557 372 1621 ¹)
393 1554 494 1608 Gerart
508 1554 543 1607 de
557 1554 621 1607 Han
635 1552 693 1607 sive
706 1554 781 1607 llam
794 1552 931 1624 (Eracles,
949 1573 976 1626 p.
991 1560 1064 1627 322).

359 1693 377 1722 .,
426 1654 505 1728 Aug.
526 1650 576 1709 26.
594 1683 636 1692 -
652 1650 859 1711 Boemundus
875 1650 926 1727 IV,
944 1651 1086 1731 princeps
1103 1649 1298 1728 Antiochiae,
1315 1668 1420 1711 comes
1435 1647 1585 1729 Tripolis,

278 1738 391 1800 DCCC
401 1738 538 1799 bisantiis
549 1739 689 1818 acceptis,
699 1739 932 1800 indemnitatem
944 1759 1001 1820 pro
1011 1740 1101 1800 variis
1112 1739 1234 1801 damnis
1249 1739 1305 1822 ipsi
1317 1756 1346 1800 et
1361 1738 1479 1800 civibus
1496 1738 1585 1798 illatis

278 1828 419 1889 concedit
436 1827 553 1888 Pisanis
569 1844 598 1888 et
614 1826 679 1905 jura
696 1848 730 1889 ac
747 1829 904 1909 privilegia
923 1828 1025 1908 sigillo
1042 1828 1213 1890 confirmat.
1232 1863 1274 1873 -
1292 1829 1486 1901 Laurentius,
1504 1828 1585 1909 epis-

278 1937 377 1998 copus
393 1917 617 1998 Tripolitanos,
626 1918 646 1994 ¹)
663 1916 818 1978 Plebanus
834 1918 972 1994 Botroni,
985 1918 1183 1980 Raimundus
1195 1919 1232 1980 de
1244 1917 1354 1995 Bibli0,
1365 1917 1472 1980 Guido
1483 1916 1585 1994 Biblii,

279 2006 467 2068 Bertrandus
490 2007 528 2066 de
552 2005 663 2081 biblio,
688 2007 886 2068 Raimundus
903 2008 941 2069 de
958 2008 1173 2086 Scandalione,
1199 2008 1384 2069 Bertrandus
1401 2007 1585 2084 vicecomes,

278 2096 331 2156 W.
349 2096 387 2157 de
403 2095 515 2171 Bibli0,
539 2096 714 2157 Bernardus
738 2097 776 2157 de
801 2098 938 2175 Moneta,
962 2098 1146 2176 Peregrinus
1169 2097 1390 2176 Carbonacius,
1415 2095 1585 2174 Homodei,

279 2186 351 2266 Ugo
367 2185 405 2246 de
423 2186 604 2262 Lambesc0,
615 2185 772 2246 Iohannes
783 2186 920 2266 Georgii,
932 2186 1109 2268 Stephanus
1121 2186 1297 2263 Alexandri,
1308 2186 1443 2247 Ioannes
1455 2184 1587 2262 Viviani,

278 2274 461 2349 loscelinus,
479 2274 663 2335 Leonardus
680 2274 808 2336 Pascalis
825 2275 873 2352 (G.
893 2276 1015 2355 Mtlller,
1033 2296 1063 2357 p.
1082 2277 1223 2354 79—80,
1242 2276 1302 2337 Νο.
1314 2296 1355 2355 49
1375 2273 1422 2354 [cf.
1434 2294 1464 2356 p.
1476 2294 1587 2355 431—

277 2361 371 2445 432];
398 2363 454 2425 Dal
471 2363 586 2444 Borg0,
604 2382 633 2445 p.
658 2384 857 2444 172-1733
882 2365 1010 2439 Trunci,
1037 2366 1148 2426 Annal.
1167 2364 1267 2426 Pisani
1285 2365 1306 2441 I,
1331 2385 1360 2446 p.
1381 2384 1489 2444 399-
1503 2379 1585 2442 400;

280 2453 392 2532 Lunig,
410 2453 489 2514 Cod.
508 2451 638 2534 diplom.
656 2452 677 2532 I,
693 2473 723 2535 p.
741 2473 838 2533 ¹0593
857 2454 894 2515 cf.
914 2455 1062 2516 Archives
1079 2456 1108 2516 d.
1127 2455 1209 2518 miss.
1228 2453 1369 2533 scientif,
1386 2454 1405 2515 l.
1424 2473 1449 2514 c.
1461 2473 1492 2535 p.
1506 2471 1585 2532 352;

279 2543 371 2624 Heyd
388 2542 409 2616 I,
428 2562 457 2623 p.
478 2542 560 2622 323).
1517 2537 1587 2600 758

355 2639 374 2703 ¹)
395 2637 437 2689 De
451 2652 511 2707 quo
524 2633 661 2690 Rbhricht
674 2635 702 2689 in
716 2636 827 2690 ZDPV.
839 2637 873 2706 X,
884 2653 909 2707 p.
925 2654 954 2708 3¹
967 2653 974 2708 3
994 2637 1136 2707 Porthast,
1150 2638 1204 2691 No.
1219 2654 1332 2709 52—53.

361 2775 380 2806 ,‚
426 2764 469 2773 —
487 2732 692 2793 Boemundus
709 2733 759 2810 IV,
784 2732 926 2813 priuceps
950 2731 1133 2793 Antiochiae
1154 2747 1184 2792 et
1200 2750 1304 2792 comes
1320 2730 1468 2811 Tripolis,
1485 2729 1587 2809 sigillo

280 2819 457 2896 confirmat,
489 2841 520 2881 se
546 2821 656 2882 timore
683 2821 804 2882 domini
834 2821 1070 2883 Assessinorum
1101 2820 1301 2902 compulsum
1327 2819 1523 2881 Gaulredum
1550 2820 1587 2881 de

280 2909 419 2989 Donion,
433 2908 600 2990 Hospitalis
617 2911 799 2991 magistrum
815 2927 845 2972 et
862 2911 965 2972 fratres
983 2911 1148 2989 rogavisse,
1166 2926 1198 2970 ut
1215 2908 1272 2970 sibi
1289 2909 1467 2970 dominium
1485 2910 1586 2970 Mara-

280 3000 361 3060 cleae
378 3015 407 3059 et
424 2999 542 3060 Cameli
559 3001 596 3060 ab
614 2999 682 3080 ipso
699 3001 859 3081 quondam
871 3000 1024 3081 Hospitali
1041 3001 1147 3060 datum
1165 3000 1376 3075 commodent,
1394 3017 1512 3078 eosque
1529 2998 1586 3059 sibi

280 3088 359 3150 dicta
370 3087 519 3167 dominia,
531 3090 635 3168 quoad
646 3089 770 3168 viveret,
781 3091 915 3151 tenenda
932 3090 1120 3170 quibusdam
1137 3087 1370 3150 conditionibus
1387 3087 1584 3149 concessisse.

279 3212 322 3221 —-
339 3178 448 3238 Petrus
464 3177 501 3239 de
519 3178 698 3257 Ravendell,
723 3179 872 3242 Girardus
890 3178 1145 3256 constabularius,
1171 3178 1378 3259 Raymundus
1395 3177 1433 3239 de
1450 3177 1586 3238 Scanda·

280 3267 374 3343 lione,
385 3266 555 3329 Gaulridus
567 3269 604 3328 de
615 3269 787 3341 Cusantiis;
805 3269 843 3330 de
861 3269 1003 3329 fratribus
1020 3267 1203 3348 Hospitalis:
1223 3269 1329 3328 Petrus
1346 3267 1384 3328 de
1402 3267 1586 3344 MIrmanda,

279 3356 464 3418 castellanus
480 3356 573 3434 Crati,
592 3359 698 3418 Petrus
715 3360 753 3419 de
770 3357 883 3438 Scutai,
895 3359 1077 3418 castellanus
1089 3355 1229 3435 Margati,
1240 3356 1387 3438 Hylarius
1398 3355 1585 3437 capellanus,

281 3446 451 3508 Gaufridus
483 3447 618 3524 Ratus,¹)
650 3445 771 3524 bajulus
797 3449 911 3509 domus
938 3447 1131 3522 Antiochiae,
1163 3446 1317 3525 Rogerius
1343 3446 1381 3506 de
1407 3446 1586 3525 Campania,

281 3536 451 3613 Fortunas,
475 3534 551 3596 olim
575 3537 758 3598 castellanus
781 3538 957 3618 Empostue,
984 3536 1158 3598 Rollandus
1183 3534 1429 3615 Burgundensis,
1456 3534 1587 3596 Sancius

282 3625 495 3702 Alumnensis,
522 3624 685 3686 Villelmus
711 3627 748 3687 de
775 3627 916 3705 Moret,²)
948 3626 1068 3707 Symon
1098 3623 1291 3686 senescalcus
1322 3624 1417 3701 (Pauli
1439 3624 1460 3701 I,
1485 3645 1515 3705 p.
1534 3626 1585 3703 88,

280 3716 341 3776 No.
361 3716 418 3790 823
444 3714 481 3774 cf.
500 3734 529 3795 p.
551 3716 756 3795 512—5r3l.
773 3710 782 3795 Ι)
802 3716 871 3777 Hoc
894 3715 1091 3796 prIviIegium
1115 3713 1307 3793 Eustorgius,
1331 3712 1533 3791 Nicosiensis,
1559 3728 1587 3775 et

282 3803 420 3883 Plenus),
432 3804 649 3882 Caesariensis,
660 3804 884 3886 archiepiscopi
895 3804 1022 3882 (Accon,
1032 3804 1143 3866 Octob.
1159 3809 1260 3870 1217?
1277 3802 1325 3865 CI.
1338 3804 1468 3879 Eracles,
1480 3823 1511 3885 p.
1526 3822 1585 3883 322

279 3913 407 3973 -323;
432 3893 470 3954 de
494 3893 660 3973 Eustorgio
683 3893 721 3955 cf.
739 3894 887 3955 Archives
904 3895 942 3955 de
959 3893 1092 3955 I'Orient
1107 3894 1182 3955 latio
1199 3893 1222 3954 ΙΙ
1233 3897 1269 3972 A,
1290 3912 1320 3974 p.
1341 3913 1404 3973 214
1416 3928 1452 3936 —
1466 3893 1539 3971 229)
1556 3912 1587 3952 se

281 3981 402 4060 vidisse,
420 3981 607 4044 confirmant
624 3983 718 4060 (Paoli
736 3984 757 4061 I,
775 4004 805 4064 p.
825 3985 876 4063 88,
894 3985 954 4045 Νο.
974 3985 1036 4059 82).
1519 3978 1588 4041 759

356 4079 376 4144 ¹)
395 4074 487 4130 Alias:
501 4075 583 4147 Rath,
597 4075 682 4131 Lirat.
775 4082 797 4144 ²)
816 4076 909 4131 Alias:
923 4077 1046 4131 Morent.

318 4171 329 4248 (
368 4217 387 4248 „
427 4171 509 4252 Sept.
533 4171 746 4251 15-Octob,
771 4192 817 4252 ¹5·
850 4169 1012 4245 Laterani).
1039 4204 1082 4213 —
1108 4169 1308 4230 Innocentius
1334 4168 1370 4229 III
1397 4167 1587 4246 (Monacho),

284 4261 470 4341 patriarchae
487 4261 783 4343 Hierosolymitan0,
801 4261 949 4342 episcopo
967 4259 1134 4341 Lyddensi,
1152 4257 1320 4340 Hospitalis
1336 4278 1370 4319 ac
1380 4258 1506 4339 Templi
1523 4277 1588 4318 ma-

281 4349 382 4427 gistris
405 4350 535 4423 nuntiat,
559 4371 591 4411 se
615 4371 651 4411 ex
675 4351 814 4431 Ipsorum
839 4350 945 4410 litteris
968 4349 1165 4430 comperisse,
1189 4364 1311 4427 treugas
1335 4367 1407 4409 cum
1431 4346 1589 4408 Saracenis

283 4439 375 4500 factas
392 4460 467 4516 esse,
476 4440 494 4518 1)
513 4460 614 4521 neque
631 4455 736 4500 tamen
753 4439 818 4501 otio
835 4454 956 4521 torpere
973 4440 1026 4500 sed
1044 4438 1169 4517 negotio
1180 4438 1294 4498 Terrae
1305 4437 1433 4498 Sanctae
1450 4436 1588 4497 insistere

282 4549 363 4609 opus
374 4549 450 4608 esse,
461 4549 556 4608 seque
568 4548 678 4590 navem
697 4529 830 4610 propriis
847 4528 988 4610 expensis
1005 4527 1193 4589 aedificatam
1210 4543 1238 4588 et
1256 4526 1414 4588 frumento
1431 4541 1589 4588 oneratam

281 4637 337 4699 per
347 4619 573 4700 Raymundum
590 4618 768 4700 Hospitalis,
786 4620 829 4679 M.
848 4617 972 4679 militiae
982 4617 1107 4698 Templi
1119 4617 1240 4678 fratrem
1257 4633 1286 4677 et
1303 4617 1323 4677 I.
1342 4616 1536 4677 monachum
1551 4615 1589 4676 ad

283 4709 367 4788 ipsos
383 4708 546 4784 destinare,
564 4709 617 4788 qui
635 4709 673 4769 de
690 4727 800 4769 eorum
825 4707 956 4769 consilio
979 4707 1071 4785 gratis
1094 4722 1123 4767 et
1146 4707 1274 4768 discrete
1298 4706 1370 4766 inde
1393 4704 1588 4783 distribuant,

283 4798 419 4878 denique
446 4800 580 4874 mandat,
608 4815 640 4859 ut
666 4799 704 4859 de
729 4814 806 4859 statu
834 4796 1010 4880 provinciae
1034 4796 1335 4877 Hierosolymitanae
1362 4795 1539 4874 frequenter
1561 4808 1589 4855 et

358 4923 378 4981 ¹)
402 4937 410 4974 t
427 4898 481 4973 Iul}
489 4897 504 4973 'r
517 4919 564 4991 198
577 4917 735 4989 (Rbhricht,
748 4917 878 4988 Studien,
890 4934 917 4989 p.
932 4934 975 4990 32,
988 4916 1054 4971 Not.
1069 4934 1103 4971 20
1116 4929 1144 4970 et
1157 4915 1229 4971 infra
1243 4917 1297 4971 No.
1311 4916 1362 4986 762
1378 4915 1466 4982 Not).
