3398 5400
287 359 348 444 306
850 352 1026 429 Regesta

1252 444 1588 459 w

329 572 437 660 (1248
454 599 479 640 c.
498 577 594 657 Mai).
612 614 655 624 -
671 579 872 641 *Fridericus
889 579 912 639 ΙΙ
929 580 1096 641 soldanum
1112 578 1300 659 Babyloniae
1317 578 1356 639 de
1372 576 1523 639 Ludovici
1541 576 1594 655 lx,

284 667 364 747 regis
372 667 397 728 F
398 668 528 746 tanciae,
540 668 735 750 expeditione
747 682 853 730 contra
862 673 1039 751 Aegyptum
1053 683 1155 749 parata
1165 669 1326 729 certiorem
1337 667 1442 728 fecisse
1454 680 1595 727 narratur

285 754 449 836 (Reiuaud,
474 759 612 836 Extraits,
637 778 667 838 p.
684 760 766 837 4483
792 758 970 835 Cardonne,
994 779 1024 839 p.
1049 777 1083 818 12
1102 773 1183 832 not.;
1210 758 1286 818 Bibl.
1311 757 1340 817 d.
1364 756 1506 832 croisad,
1530 772 1593 816 aut.

284 845 394 924 orient,
410 866 440 927 p.
460 867 539 926 ⁷¹93
565 848 682 927 Amari,
699 848 778 909 Bibl.
796 848 900 908 Arabo
917 846 1019 908 Sicula
1036 847 1057 925 l,
1075 866 1105 927 p.
1126 866 1204 926 517;
1223 846 1257 922 ll,
1275 865 1305 926 p.
1325 846 1405 926 2583
1431 844 1594 919 Rbhricht,

284 934 376 996 Beitr.
394 935 415 1014 Ι,
434 956 463 1017 ρ.
483 937 534 1016 85,
553 936 615 1016 94).
1503 931 1596 992 1163

374 1089 393 1119 „
440 1047 521 1122 Aug.
541 1063 569 1121 7,
586 1043 651 1104 ind.
662 1043 711 1105 Vl.
731 1049 847 1104 Accon.
865 1077 908 1087 -
925 1042 1120 1123 Peregrinus,
1137 1044 1229 1104 abbas
1247 1042 1277 1102 S.
1291 1042 1405 1103 Mariae
1422 1042 1460 1102 de
1478 1041 1597 1119 Latina,

286 1150 358 1192 cum
377 1148 533 1193 conventu
543 1132 679 1194 lohanni
696 1133 734 1193 de
751 1133 873 1213 Ronay‚
885 1151 1001 1210 magno
1018 1132 1209 1213 praeceptori
1226 1151 1260 1192 ac
1277 1131 1412 1209 magistri
1423 1129 1596 1211 Hospitalis

286 1221 366 1281 vices
388 1223 516 1300 gerenti,
539 1223 647 1282 casalia
671 1223 709 1282 de
727 1221 909 1283 Mondisder
926 1237 954 1282 et
970 1222 1099 1282 Turrim
1122 1221 1289 1298 rubeam,¹)
1313 1219 1426 1281 deinde
1450 1218 1516 1297 jura
1538 1239 1597 1280 sua

285 1309 390 1370 casalis
410 1310 494 1371 Caco
516 1311 568 1370 tali
592 1328 681 1392 pacto
704 1310 806 1390 sigillo
829 1311 980 1386 concedit,
1004 1326 1038 1371 ut
1061 1309 1166 1371 fratres
1191 1311 1223 1370 in
1247 1309 1365 1371 civitate
1390 1316 1497 1370 Accon
1521 1308 1596 1369 inde

287 1399 399 1460 DCCC
422 1399 570 1461 bisantios
595 1401 756 1461 annuatim
779 1401 910 1475 solvant,
935 1399 991 1460 etsi
1013 1415 1132 1481 praeter
1154 1405 1314 1460 Acconem
1338 1414 1367 1459 et
1388 1399 1511 1478 Tyrum
1532 1412 1598 1458 tota

284 1489 381 1549 Terra
398 1488 508 1550 Sancta
529 1489 561 1549 in
584 1508 697 1550 manus
720 1489 858 1550 hostium
883 1489 1033 1567 inciderit,
1058 1489 1082 1550 si
1106 1508 1179 1550 vero
1203 1504 1333 1568 utraque
1358 1487 1460 1548 civitas
1482 1486 1598 1547 amissa

285 1576 385 1656 fuerit,
411 1578 571 1659 Hospitale
588 1599 604 1638 a
622 1579 704 1639 dicto
721 1598 817 1639 censu
837 1577 971 1639 liberum
988 1579 1041 1655 sit;
1067 1580 1128 1639 hoc
1144 1597 1217 1639 vero
1243 1591 1377 1658 pactum,
1402 1576 1487 1637 XXV
1505 1576 1597 1636 annis

285 1666 507 1749 praeterlapsis,
518 1668 624 1729 denuo
641 1688 675 1728 ac
691 1669 798 1729 denuo
815 1667 978 1748 repetitum
997 1668 1042 1728 iri.
1053 1700 1096 1710 —
1109 1668 1263 1728 Henricus
1275 1668 1313 1727 de
1323 1666 1478 1746 Josaphat,
1488 1666 1597 1744 Hug0,

287 1757 403 1817 Montis
420 1756 508 1834 Sion,
525 1758 659 1831 abbates,
671 1763 720 1832 A,
733 1757 816 1837 prior
832 1756 862 1818 S.
876 1757 1048 1838 Sepulchri,
1066 1757 1115 1834 G,
1132 1757 1369 1817 archidiaconus
1380 1754 1598 1828 Caesariensis,

286 1845 336 1921 T,
364 1846 501 1906 decanus
527 1844 741 1926 Sydoniensis,
768 1847 848 1907 Elias
874 1862 904 1906 et
930 1846 1091 1920 Mattaeus,
1118 1845 1259 1906 canonici
1284 1845 1465 1919 Liddenses,
1490 1843 1598 1904 fratres

286 1934 445 1995 lohannes
461 1951 490 1995 et
507 1935 662 1996 Henricus
683 1935 840 2012 monachi,
860 1935 963 1995 fratres
980 1937 1165 2012 Bernardus,
1183 1935 1337 1997 Galterius
1361 1933 1539 1993 monasterii
1558 1933 1598 1993 de

286 2022 412 2100 Latina,
431 2024 468 2084 de
484 2023 626 2085 fratribus
637 2024 824 2105 Hospitalis:
842 2023 1031 2085 Guillelmus
1042 2026 1080 2085 de
1092 2023 1240 2086 Corcellis
1258 2023 1470 2098 marescalcus,
1489 2023 1599 2083 Petrus

287 2111 325 2172 de
343 2113 467 2192 Aleage,
485 2113 642 2174 lohannes
659 2114 752 2194 prior,
769 2114 926 2174 lohannes
943 2115 981 2174 de
998 2114 1088 2192 Bubi,
1106 2114 1288 2174 castellanus
1305 2113 1343 2172 de
1360 2113 1462 2188 Crato,
1479 2112 1599 2187 Petrus,

288 2201 471 2262 castellanus
488 2203 526 2262 de
544 2204 672 2281 Margat,
694 2202 847 2263 Martinus
864 2202 984 2263 Sanche
1002 2203 1193 2283 drapparius,
1211 2202 1325 2283 Joseph
1338 2202 1360 2278 2)
1377 2200 1598 2277 thesaurarius,

287 2290 477 2353 Guillelmus
494 2292 532 2351 de
550 2293 676 2369 Morret,
695 2290 816 2369 bajulus
826 2291 903 2362 Tiri,
919 2292 1075 2368 Clemens,
1088 2290 1210 2369 bajulus
1220 2292 1259 2352 de
1271 2290 1401 2371 Tripoli,
1414 2289 1598 2368 Ancelmus,

288 2379 418 2440 ballivus
444 2380 638 2460 Antiochiae,
665 2381 866 2460 Guiscardus,
899 2379 1040 2441 ballivius
1066 2381 1242 2452 Armeniae,
1275 2378 1464 2441 Guillelmus
1496 2380 1598 2459 Pyon,

287 2467 537 2550 balliviusCipri,
548 2471 725 2531 Bernartius
741 2470 779 2530 de
797 2470 909 2542 Rome,
920 2470 1017 2548 Hugo
1034 2471 1072 2530 de
1089 2469 1204 2546 Loroil,
1217 2470 1361 2530 himarus
1378 2469 1416 2529 de
1433 2469 1461 2528 la
1478 2468 1598 2546 Roche,

288 2558 396 2619 Petrus
421 2558 459 2619 de
483 2557 629 2620 Sardines
651 2559 867 2640 turcoplerius,
891 2557 1080 2620 Guillelmus
1097 2559 1135 2619 de
1151 2557 1233 2637 Vals,
1256 2559 1359 2619 socius
1382 2557 1599 2636 vicemagistri,

287 2646 388 2707 Adam
407 2649 444 2708 de
460 2647 594 2727 Erovile,
611 2648 769 2709 lohannes
785 2649 823 2709 de
841 2647 997 2726 Malengh,
1013 2648 1157 2727 magister
1173 2648 1402 2724 scutiferorum,
1420 2647 1599 2707 Bernardus

287 2735 421 2797 Corbele
445 2736 644 2815 infirmarius,
668 2736 825 2799 locelinus
842 2738 879 2797 de
895 2737 999 2798 Tonel
1025 2737 1095 2798 «feu
1120 2739 1157 2798 de
1178 2736 1313 2798 Tonelb
1337 2736 1439 2797 etalii
1462 2733 1559 2812 (Paoli
1576 2736 1600 2814 l,

287 2844 318 2907 p.
332 2827 518 2905 250-261,
535 2827 596 2887 No,
611 2845 690 2906 2¹93
709 2826 856 2888 Delaville
873 2827 900 2886 le
918 2825 1032 2902 Roulx,
1049 2845 1079 2906 p.
1098 2828 1167 2904 181,
1179 2827 1239 2886 Νο.
1253 2828 1311 2899 783
1330 2825 1368 2886 cf.
1381 2845 1410 2906 p.
1425 2825 1485 2903 24).
1502 2818 1512 2908 ll
1527 2825 1601 2885 Hoc

287 2913 486 2996 privilegium
503 2915 555 2995 (30
573 2917 653 2977 Nov.
666 2917 758 2996 1248,
777 2915 895 2992 Accon)
912 2915 1076 2993 Henricus,
1094 2915 1344 2996 archiepiscopus
1362 2916 1552 2989 Nazarenus,
1569 2928 1600 2975 et

288 3003 454 3079 Glaltcrius
471 3004 517 3083 ll),
534 3006 700 3087 episcopus
716 3005 918 3082 Acconensis,
935 3025 966 3065 se
983 3005 1106 3083 vidisse,
1130 3004 1237 3085 sigillis
1254 3003 1440 3065 confirmant
1462 3003 1559 3079 (Paoli
1576 3002 1599 3080 1,

289 3112 319 3173 p.
340 3094 413 3172 258,
432 3095 506 3169 261,
525 3095 584 3155 Nu.
604 3095 688 3174 219).
1506 3089 1600 3151 1164

291 3255 296 3265 Ι
363 3188 383 3253 ¹)
403 3185 486 3265 Nunc
497 3187 623 3241 burdsch
637 3186 742 3241 el-atbt
755 3187 879 3259 (Survey
892 3186 924 3253 ΙΙ,
938 3202 964 3257 p.
979 3184 1048 3258 178).
1124 3189 1146 3254 ²)
1166 3186 1202 3240 de
1215 3186 1325 3259 Cancy,
1339 3186 1445 3257 dequo
1459 3183 1600 3240 Rbhricht

288 3273 318 3311 m
330 3257 467 3311 Archtves
482 3258 517 3312 de
530 3257 651 3313 l'Orient
665 3258 733 3313 latin
746 3258 766 3329 l,
780 3275 807 3329 p.
821 3258 962 3331 639-643
977 3270 1037 3311 not.

378 3397 397 3429 „
444 3352 526 3434 Sept.
549 3375 574 3415 1.
600 3354 759 3432 Lugduni.
787 3387 830 3398 —
854 3354 961 3434 Hug0,
986 3354 1017 3415 S.
1035 3353 1166 3414 Sabinae
1190 3351 1352 3414 cardinalis
1376 3354 1545 3434 presbyter,
1570 3367 1601 3414 et

289 3440 487 3521 Guillelmus,
504 3444 669 3524 episcopus
680 3444 910 3518 Anteradensis,
923 3443 1016 3523 priori
1029 3457 1059 3503 et
1070 3441 1213 3504 fratribus
1223 3443 1257 3503 B.
1269 3443 1383 3503 Mariae
1395 3442 1432 3502 de
1443 3440 1602 3521 Carme10,

290 3531 345 3612 qui
363 3551 416 3612 per
432 3531 642 3611 Reginaldum
659 3549 688 3593 et
704 3534 829 3594 Petrum
848 3532 953 3593 fratres
976 3532 1103 3594 clericos
1119 3552 1135 3592 a
1152 3551 1230 3613 papa
1248 3531 1427 3612 petiverant,
1452 3545 1486 3592 ut
1501 3550 1601 3610 quae-

289 3621 362 3681 dam
377 3621 480 3699 gravia
497 3642 533 3682 ex
549 3622 689 3702 ipsorum
706 3621 811 3703 regula
827 3622 1020 3697 tollerentur,
1032 3621 1180 3693 scribunt,
1192 3641 1224 3680 se
1236 3621 1332 3702 ipsius
1343 3640 1439 3701 papae
1451 3621 1602 3681 mandato

289 3708 403 3770 dictam
425 3709 564 3788 regulam
581 3710 747 3772 correxisse
771 3711 834 3772 sive
857 3710 1021 3791 mitigasse,
1046 3725 1076 3771 et
1098 3725 1239 3785 monent,
1265 3726 1299 3771 ut
1322 3710 1372 3769 illa
1395 3728 1476 3769 nova
1493 3710 1603 3789 regula

290 3796 419 3860 firmiter
444 3801 625 3861 observetur
651 3799 774 3877 (Bullar.
799 3800 933 3861 Carmel.
957 3800 983 3878 Ι,
1010 3820 1039 3880 p.
1065 3802 1201 3876 8—11,
1229 3801 1288 3861 No.
1314 3800 1350 3874 63
1385 3798 1422 3859 cf.
1449 3798 1602 3875 Porthast,

291 3888 647 3968 N0.12701,12679].
1508 3886 1602 3947 1165

382 4041 401 4073 ,,
448 3996 529 4057 Νον.
543 4016 594 4057 22.
612 3995 770 4074 Lugduni.
782 3995 1037 4057 —lnnocentius
1048 3995 1087 4056 lV
1099 3996 1250 4076 Bayonoy
1267 3994 1342 4073 regi,
1360 3993 1554 4075 principibus
1571 4010 1603 4055 er

292 4084 461 4146 baronibus
472 4086 623 4146 exercitus
633 4085 835 4146 Tartarorum
845 4085 957 4164 scribit,
969 4105 1001 4144 se
1013 4085 1141 4145 nuntios
1152 4101 1263 4144 eorum
1280 4083 1441 4164 recepisse,
1459 4098 1489 4144 et
1504 4084 1603 4161 addit,

291 4192 323 4233 se
334 4173 409 4236 olim
420 4175 458 4235 ad
473 4195 526 4235 eos
537 4175 666 4236 nuntios
677 4174 807 4251 misisse,
819 4174 940 4251 dolens,
951 4175 1038 4253 quod
1049 4175 1154 4235 lesum
1165 4173 1325 4234 Christum
1336 4192 1402 4233 non
1413 4188 1602 4252 agnoscant;

291 4278 408 4341 monet,
426 4279 459 4324 ut
475 4283 491 4323 a
508 4264 654 4325 caedibus
670 4263 803 4324 maxime
821 4263 1060 4324 christianorum
1078 4263 1225 4323 desistant
1248 4262 1372 4341 (Berger
1388 4263 1422 4340 ll,
1441 4282 1470 4343 p.
1494 4281 1605 4342 113—

298 4372 368 4432 114,
386 4354 446 4414 No.
464 4353 572 4432 4682).
1508 4349 1604 4410 1166

336 4459 347 4536 (
386 4506 405 4536 ,,
451 4459 486 4537 l).
503 4491 548 4503 -
564 4459 782 4537 *Erchaltai,¹)
799 4459 862 4519 dux
878 4458 1090 4531 Tartarorum,
1113 4458 1275 4519 Ludovico
1293 4457 1343 4532 ΙΙΙ,
1362 4456 1425 4535 regi
1443 4455 1605 4536 Franciae,

293 4548 324 4609 in
341 4548 442 4610 insula
453 4549 548 4630 Cypri
567 4549 735 4610 constituto
752 4548 918 4608 amicitiam
935 4563 964 4608 et
980 4549 1130 4609 auxilium
1147 4547 1311 4628 pollicetur
1326 4547 1438 4607 latores
1454 4545 1605 4626 epistolae

292 4637 439 4699 Sabeldin
463 4638 600 4719 Monfac,
625 4639 776 4700 Davidem
793 4651 823 4698 et
840 4639 981 4699 Marcum
993 4638 1015 4716 Ι)
1039 4638 1264 4698 commendans
1288 4635 1441 4712 (Vincent.
1458 4633 1605 4699 Bellova-

368 4770 389 4835 ι)
409 4767 440 4820 ld
453 4778 496 4821 est
509 4764 709 4821 lltschikathai.
851 4768 873 4834 ²)
893 4764 994 4836 Legati
1011 4783 1042 4834 14
1054 4765 1123 4819 Dec.
1142 4764 1208 4833 1248
1221 4764 1298 4835 apud
1312 4762 1450 4818 Cherines
1468 4761 1606 4820 ininsula

291 4838 391 4912 Cypro
404 4837 595 4910 appelluntur,
608 4838 715 4910 19Dec.
724 4835 871 4893 Nicosiam
882 4836 997 4908 intrant,
1006 4834 1137 4910 sequenti
1152 4835 1197 4890 die
1211 4834 1392 4890 Ludou'cum
1406 4835 1523 4906 adeunt,
1536 4834 1607 4893 inde

297 4929 326 4984 15
340 4911 402 4967 lan.
415 4928 482 4983 1249
496 4927 561 4964 cum
573 4910 688 4966 Andrea
703 4909 739 4964 de
749 4906 960 4982 Longjumeau,
971 4908 1102 4965 Johanne
1113 4906 1278 4963 Goudriche
1292 4919 1320 4962 et
1333 4905 1393 4963 aliis
1407 4904 1513 4963 nuntiis
1527 4907 1606 4982 regis
