<?xml version="1.0" encoding="UTF-8"?>
<!DOCTYPE html PUBLIC "-//W3C//DTD XHTML 1.0 Transitional//EN"
    "http://www.w3.org/TR/xhtml1/DTD/xhtml1-transitional.dtd">
<html xmlns="http://www.w3.org/1999/xhtml" xml:lang="en" lang="en">
 <head>
  <title>
</title>
<meta http-equiv="Content-Type" content="text/html;charset=utf-8" />
  <meta name='ocr-system' content='tesseract 3.04.00' />
  <meta name='ocr-capabilities' content='ocr_page ocr_carea ocr_par ocr_line ocrx_word'/>
</head>
<body>
  <div class='ocr_page' id='page_1' title='image "./regestaregnihie00rhgoog_0297.png"; bbox 0 0 3398 5400; ppageno 0'>
   <div class='ocr_carea' id='block_1_1' title="bbox 285 341 1025 429">
    <p class='ocr_par' dir='ltr' id='par_1_1' title="bbox 285 341 1025 429">
     <span class='ocr_line' id='line_1_1' title="bbox 285 341 1025 429; baseline -0.02 -18"><span class='ocrx_word' id='word_1_1' title='bbox 285 366 350 429; x_wconf 84' lang='lat'>290</span> <span class='ocrx_word' id='word_1_2' title='bbox 848 341 1025 414; x_wconf 84' lang='lat' dir='ltr'>Regesta</span> 
     </span>
    </p>
   </div>
   <div class='ocr_carea' id='block_1_2' title="bbox 281 563 1597 4757">
    <p class='ocr_par' dir='ltr' id='par_1_2' title="bbox 281 563 1597 4757">
     <span class='ocr_line' id='line_1_2' title="bbox 282 563 1592 645; baseline 0.002 -22"><span class='ocrx_word' id='word_1_3' title='bbox 282 563 402 625; x_wconf 81' lang='lat' dir='ltr'>tertiam</span> <span class='ocrx_word' id='word_1_4' title='bbox 419 578 538 645; x_wconf 89' lang='lat' dir='ltr'>partem</span> <span class='ocrx_word' id='word_1_5' title='bbox 561 578 590 624; x_wconf 91' lang='lat' dir='ltr'>et</span> <span class='ocrx_word' id='word_1_6' title='bbox 611 563 739 624; x_wconf 86' lang='lat' dir='ltr'>liberam</span> <span class='ocrx_word' id='word_1_7' title='bbox 762 563 880 624; x_wconf 88' lang='lat' dir='ltr'>cutiam</span> <span class='ocrx_word' id='word_1_8' title='bbox 906 583 972 624; x_wconf 92' lang='lat' dir='ltr'>non</span> <span class='ocrx_word' id='word_1_9' title='bbox 997 564 1101 625; x_wconf 90' lang='lat' dir='ltr'>solum</span> <span class='ocrx_word' id='word_1_10' title='bbox 1124 564 1162 625; x_wconf 91' lang='lat' dir='ltr'>de</span> <span class='ocrx_word' id='word_1_11' title='bbox 1186 564 1334 641; x_wconf 75' lang='lat' dir='ltr'>Susianis,</span> <span class='ocrx_word' id='word_1_12' title='bbox 1358 565 1412 625; x_wconf 88' lang='lat' dir='ltr'>sed</span> <span class='ocrx_word' id='word_1_13' title='bbox 1435 565 1526 625; x_wconf 88' lang='lat' dir='ltr'>etiam</span> <span class='ocrx_word' id='word_1_14' title='bbox 1552 565 1592 625; x_wconf 90' lang='lat' dir='ltr'>de</span> 
     </span>
     <span class='ocr_line' id='line_1_3' title="bbox 284 651 1593 734; baseline -0.001 -20"><span class='ocrx_word' id='word_1_15' title='bbox 284 653 410 715; x_wconf 88' lang='lat' dir='ltr'>Venetis</span> <span class='ocrx_word' id='word_1_16' title='bbox 421 651 535 714; x_wconf 93' lang='lat' dir='ltr'>scilicet</span> <span class='ocrx_word' id='word_1_17' title='bbox 545 653 583 714; x_wconf 92' lang='lat' dir='ltr'>de</span> <span class='ocrx_word' id='word_1_18' title='bbox 594 653 766 714; x_wconf 89' lang='lat' dir='ltr'>homicidio</span> <span class='ocrx_word' id='word_1_19' title='bbox 776 669 806 713; x_wconf 91' lang='lat' dir='ltr'>et</span> <span class='ocrx_word' id='word_1_20' title='bbox 816 652 899 714; x_wconf 85' lang='lat' dir='ltr'>furto</span> <span class='ocrx_word' id='word_1_21' title='bbox 910 652 943 713; x_wconf 91' lang='lat' dir='ltr'>in</span> <span class='ocrx_word' id='word_1_22' title='bbox 954 652 1124 734; x_wconf 87' lang='lat' dir='ltr'>praesentia</span> <span class='ocrx_word' id='word_1_23' title='bbox 1135 669 1164 713; x_wconf 92' lang='lat' dir='ltr'>et</span> <span class='ocrx_word' id='word_1_24' title='bbox 1174 672 1329 715; x_wconf 91' lang='lat' dir='ltr'>consensu</span> <span class='ocrx_word' id='word_1_25' title='bbox 1341 653 1593 715; x_wconf 87' lang='lat' dir='ltr'>Castellanorum</span> 
     </span>
     <span class='ocr_line' id='line_1_4' title="bbox 282 741 1593 823; baseline 0.001 -21"><span class='ocrx_word' id='word_1_26' title='bbox 282 741 425 804; x_wconf 90' lang='lat' dir='ltr'>videlicet</span> <span class='ocrx_word' id='word_1_27' title='bbox 448 742 562 823; x_wconf 86' lang='lat' dir='ltr'>Ugoris</span> <span class='ocrx_word' id='word_1_28' title='bbox 579 741 740 821; x_wconf 83' lang='lat' dir='ltr'>(Ugonisl)</span> <span class='ocrx_word' id='word_1_29' title='bbox 757 742 920 818; x_wconf 84' lang='lat' dir='ltr'>Amiranti,</span> <span class='ocrx_word' id='word_1_30' title='bbox 945 742 1067 803; x_wconf 91' lang='lat' dir='ltr'>Girardi</span> <span class='ocrx_word' id='word_1_31' title='bbox 1087 742 1189 803; x_wconf 88' lang='lat' dir='ltr'>Pisani</span> <span class='ocrx_word' id='word_1_32' title='bbox 1210 759 1239 803; x_wconf 89' lang='lat' dir='ltr'>et</span> <span class='ocrx_word' id='word_1_33' title='bbox 1262 743 1460 821; x_wconf 86' lang='lat' dir='ltr'>vicecomitis,</span> <span class='ocrx_word' id='word_1_34' title='bbox 1485 743 1593 803; x_wconf 88' lang='lat' dir='ltr'>militis</span> 
     </span>
     <span class='ocr_line' id='line_1_5' title="bbox 283 830 1592 911; baseline 0.001 -19"><span class='ocrx_word' id='word_1_35' title='bbox 283 832 413 894; x_wconf 89' lang='lat' dir='ltr'>nomine</span> <span class='ocrx_word' id='word_1_36' title='bbox 430 831 569 911; x_wconf 89' lang='lat' dir='ltr'>Salvazu,</span> <span class='ocrx_word' id='word_1_37' title='bbox 586 832 790 911; x_wconf 91' lang='lat' dir='ltr'>retinuerunt,</span> <span class='ocrx_word' id='word_1_38' title='bbox 815 832 917 911; x_wconf 92' lang='lat' dir='ltr'>itaque</span> <span class='ocrx_word' id='word_1_39' title='bbox 939 831 1087 892; x_wconf 91' lang='lat' dir='ltr'>dominus</span> <span class='ocrx_word' id='word_1_40' title='bbox 1104 830 1198 893; x_wconf 86' lang='lat' dir='ltr'>Betiti</span> <span class='ocrx_word' id='word_1_41' title='bbox 1217 832 1300 892; x_wconf 90' lang='lat' dir='ltr'>misit</span> <span class='ocrx_word' id='word_1_42' title='bbox 1315 833 1499 894; x_wconf 86' lang='lat' dir='ltr'>Jacobinum</span> <span class='ocrx_word' id='word_1_43' title='bbox 1516 833 1592 893; x_wconf 89' lang='lat' dir='ltr'>Bar-</span> 
     </span>
     <span class='ocr_line' id='line_1_6' title="bbox 284 920 1593 1004; baseline 0.001 -23"><span class='ocrx_word' id='word_1_44' title='bbox 284 922 415 1000; x_wconf 88' lang='lat' dir='ltr'>berium,</span> <span class='ocrx_word' id='word_1_45' title='bbox 433 921 589 982; x_wconf 90' lang='lat' dir='ltr'>Venetum</span> <span class='ocrx_word' id='word_1_46' title='bbox 606 921 644 981; x_wconf 92' lang='lat' dir='ltr'>de</span> <span class='ocrx_word' id='word_1_47' title='bbox 660 922 777 1002; x_wconf 86' lang='lat' dir='ltr'>Cypr0,</span> <span class='ocrx_word' id='word_1_48' title='bbox 802 936 831 982; x_wconf 93' lang='lat' dir='ltr'>et</span> <span class='ocrx_word' id='word_1_49' title='bbox 847 920 992 982; x_wconf 89' lang='lat' dir='ltr'>Giraldus</span> <span class='ocrx_word' id='word_1_50' title='bbox 1009 920 1201 983; x_wconf 89' lang='lat' dir='ltr'>Castellanus</span> <span class='ocrx_word' id='word_1_51' title='bbox 1223 920 1319 982; x_wconf 90' lang='lat' dir='ltr'>alium</span> <span class='ocrx_word' id='word_1_52' title='bbox 1337 921 1438 982; x_wconf 80' lang='lat' dir='ltr'>lurein</span> <span class='ocrx_word' id='word_1_53' title='bbox 1456 921 1593 1004; x_wconf 90' lang='lat' dir='ltr'>punien-</span> 
     </span>
     <span class='ocr_line' id='line_1_7' title="bbox 283 1008 1592 1092; baseline -0.001 -20"><span class='ocrx_word' id='word_1_54' title='bbox 283 1010 369 1073; x_wconf 90' lang='lat' dir='ltr'>dum.</span> <span class='ocrx_word' id='word_1_55' title='bbox 388 1010 502 1072; x_wconf 88' lang='lat' dir='ltr'>Pariter</span> <span class='ocrx_word' id='word_1_56' title='bbox 510 1010 619 1072; x_wconf 91' lang='lat' dir='ltr'>Judaei</span> <span class='ocrx_word' id='word_1_57' title='bbox 630 1010 662 1071; x_wconf 94' lang='lat' dir='ltr'>in</span> <span class='ocrx_word' id='word_1_58' title='bbox 673 1011 867 1071; x_wconf 87' lang='lat' dir='ltr'>Venetorum</span> <span class='ocrx_word' id='word_1_59' title='bbox 879 1011 962 1071; x_wconf 88' lang='lat' dir='ltr'>curia</span> <span class='ocrx_word' id='word_1_60' title='bbox 978 1008 1181 1089; x_wconf 80' lang='lat' dir='ltr'>justificantur</span> <span class='ocrx_word' id='word_1_61' title='bbox 1197 1027 1226 1071; x_wconf 89' lang='lat' dir='ltr'>et</span> <span class='ocrx_word' id='word_1_62' title='bbox 1243 1011 1462 1092; x_wconf 88' lang='lat' dir='ltr'>unusquisqne</span> <span class='ocrx_word' id='word_1_63' title='bbox 1480 1031 1592 1073; x_wconf 90' lang='lat' dir='ltr'>eorum</span> 
     </span>
     <span class='ocr_line' id='line_1_8' title="bbox 283 1100 1593 1181; baseline 0 -20"><span class='ocrx_word' id='word_1_64' title='bbox 283 1100 450 1179; x_wconf 85' lang='lat' dir='ltr'>masculus,</span> <span class='ocrx_word' id='word_1_65' title='bbox 462 1115 628 1181; x_wconf 83' lang='lat' dir='ltr'>postquam</span> <span class='ocrx_word' id='word_1_66' title='bbox 645 1101 684 1161; x_wconf 87' lang='lat' dir='ltr'>ad</span> <span class='ocrx_word' id='word_1_67' title='bbox 700 1115 830 1161; x_wconf 89' lang='lat' dir='ltr'>aetatem</span> <span class='ocrx_word' id='word_1_68' title='bbox 844 1100 902 1162; x_wconf 87' lang='lat' dir='ltr'>XV</span> <span class='ocrx_word' id='word_1_69' title='bbox 913 1118 1069 1160; x_wconf 89' lang='lat' dir='ltr'>annornm</span> <span class='ocrx_word' id='word_1_70' title='bbox 1081 1100 1229 1181; x_wconf 90' lang='lat' dir='ltr'>pervenit,</span> <span class='ocrx_word' id='word_1_71' title='bbox 1241 1118 1352 1161; x_wconf 89' lang='lat' dir='ltr'>eorum</span> <span class='ocrx_word' id='word_1_72' title='bbox 1369 1101 1471 1161; x_wconf 89' lang='lat' dir='ltr'>curiae</span> <span class='ocrx_word' id='word_1_73' title='bbox 1487 1101 1593 1161; x_wconf 91' lang='lat' dir='ltr'>bisan-</span> 
     </span>
     <span class='ocr_line' id='line_1_9' title="bbox 283 1189 1592 1270; baseline 0 -21"><span class='ocrx_word' id='word_1_74' title='bbox 283 1189 362 1252; x_wconf 89' lang='lat' dir='ltr'>tium</span> <span class='ocrx_word' id='word_1_75' title='bbox 380 1190 541 1251; x_wconf 90' lang='lat' dir='ltr'>annuatim</span> <span class='ocrx_word' id='word_1_76' title='bbox 558 1190 677 1251; x_wconf 91' lang='lat' dir='ltr'>solvere</span> <span class='ocrx_word' id='word_1_77' title='bbox 694 1205 831 1263; x_wconf 90' lang='lat' dir='ltr'>tenetur;</span> <span class='ocrx_word' id='word_1_78' title='bbox 859 1189 987 1250; x_wconf 90' lang='lat' dir='ltr'>nomina</span> <span class='ocrx_word' id='word_1_79' title='bbox 1010 1208 1120 1249; x_wconf 89' lang='lat' dir='ltr'>eorum</span> <span class='ocrx_word' id='word_1_80' title='bbox 1144 1206 1233 1250; x_wconf 91' lang='lat' dir='ltr'>sunt:</span> <span class='ocrx_word' id='word_1_81' title='bbox 1260 1189 1370 1265; x_wconf 88' lang='lat' dir='ltr'>Simol,</span> <span class='ocrx_word' id='word_1_82' title='bbox 1388 1190 1442 1270; x_wconf 91' lang='lat' dir='ltr'>qui</span> <span class='ocrx_word' id='word_1_83' title='bbox 1459 1191 1550 1250; x_wconf 89' lang='lat' dir='ltr'>habet</span> <span class='ocrx_word' id='word_1_84' title='bbox 1568 1189 1592 1250; x_wconf 97' lang='lat' dir='ltr'>ll</span> 
     </span>
     <span class='ocr_line' id='line_1_10' title="bbox 283 1277 1591 1359; baseline -0.001 -18"><span class='ocrx_word' id='word_1_85' title='bbox 283 1277 364 1341; x_wconf 85' lang='lat' dir='ltr'>filios</span> <span class='ocrx_word' id='word_1_86' title='bbox 380 1280 469 1341; x_wconf 87' lang='lat' dir='ltr'><strong>Hebe</strong></span> <span class='ocrx_word' id='word_1_87' title='bbox 485 1295 514 1340; x_wconf 92' lang='lat' dir='ltr'>et</span> <span class='ocrx_word' id='word_1_88' title='bbox 531 1279 701 1357; x_wconf 88' lang='lat' dir='ltr'>Mahamar,</span> <span class='ocrx_word' id='word_1_89' title='bbox 726 1278 858 1356; x_wconf 86' lang='lat' dir='ltr'>Mahafa,</span> <span class='ocrx_word' id='word_1_90' title='bbox 883 1279 1003 1356; x_wconf 84' lang='lat' dir='ltr'>Daniel,</span> <span class='ocrx_word' id='word_1_91' title='bbox 1020 1279 1156 1359; x_wconf 88' lang='lat' dir='ltr'>Moyses,</span> <span class='ocrx_word' id='word_1_92' title='bbox 1174 1278 1304 1359; x_wconf 91' lang='lat' dir='ltr'>Symon,</span> <span class='ocrx_word' id='word_1_93' title='bbox 1322 1280 1471 1355; x_wconf 83' lang='lat' dir='ltr'>Harliam,</span> <span class='ocrx_word' id='word_1_94' title='bbox 1488 1279 1591 1340; x_wconf 83' lang='lat' dir='ltr'>Bralri.</span> 
     </span>
     <span class='ocr_line' id='line_1_11' title="bbox 283 1368 1593 1450; baseline -0.001 -21"><span class='ocrx_word' id='word_1_95' title='bbox 283 1369 407 1430; x_wconf 80' lang='lat' dir='ltr'>Susiani</span> <span class='ocrx_word' id='word_1_96' title='bbox 417 1369 544 1430; x_wconf 87' lang='lat' dir='ltr'>texarini</span> <span class='ocrx_word' id='word_1_97' title='bbox 556 1387 612 1450; x_wconf 93' lang='lat' dir='ltr'>pro</span> <span class='ocrx_word' id='word_1_98' title='bbox 624 1387 812 1449; x_wconf 88' lang='lat' dir='ltr'>unaquaque</span> <span class='ocrx_word' id='word_1_99' title='bbox 824 1368 921 1446; x_wconf 87' lang='lat' dir='ltr'>fovea,</span> <span class='ocrx_word' id='word_1_100' title='bbox 931 1388 993 1447; x_wconf 90' lang='lat' dir='ltr'>qua</span> <span class='ocrx_word' id='word_1_101' title='bbox 1003 1383 1120 1446; x_wconf 89' lang='lat' dir='ltr'>texunt,</span> <span class='ocrx_word' id='word_1_102' title='bbox 1132 1368 1196 1445; x_wconf 83' lang='lat' dir='ltr'>regi</span> <span class='ocrx_word' id='word_1_103' title='bbox 1213 1388 1266 1448; x_wconf 88' lang='lat' dir='ltr'>per</span> <span class='ocrx_word' id='word_1_104' title='bbox 1283 1388 1423 1429; x_wconf 89' lang='lat' dir='ltr'>mensem</span> <span class='ocrx_word' id='word_1_105' title='bbox 1441 1368 1464 1428; x_wconf 96' lang='lat' dir='ltr'>ll</span> <span class='ocrx_word' id='word_1_106' title='bbox 1482 1384 1593 1429; x_wconf 89' lang='lat' dir='ltr'>cartata</span> 
     </span>
     <span class='ocr_line' id='line_1_12' title="bbox 284 1457 1593 1539; baseline -0.001 -20"><span class='ocrx_word' id='word_1_107' title='bbox 284 1459 462 1536; x_wconf 90' lang='lat' dir='ltr'>reddebant,</span> <span class='ocrx_word' id='word_1_108' title='bbox 480 1478 560 1539; x_wconf 92' lang='lat' dir='ltr'>quae</span> <span class='ocrx_word' id='word_1_109' title='bbox 578 1477 663 1519; x_wconf 93' lang='lat' dir='ltr'>nunc</span> <span class='ocrx_word' id='word_1_110' title='bbox 679 1458 804 1520; x_wconf 90' lang='lat' dir='ltr'>Venetis</span> <span class='ocrx_word' id='word_1_111' title='bbox 820 1457 964 1518; x_wconf 90' lang='lat' dir='ltr'>reddunt.</span> <span class='ocrx_word' id='word_1_112' title='bbox 990 1458 1074 1518; x_wconf 91' lang='lat' dir='ltr'>ldem</span> <span class='ocrx_word' id='word_1_113' title='bbox 1091 1457 1238 1518; x_wconf 91' lang='lat' dir='ltr'>omnibus</span> <span class='ocrx_word' id='word_1_114' title='bbox 1255 1458 1288 1518; x_wconf 93' lang='lat' dir='ltr'>in</span> <span class='ocrx_word' id='word_1_115' title='bbox 1304 1458 1443 1518; x_wconf 90' lang='lat' dir='ltr'>tercierio</span> <span class='ocrx_word' id='word_1_116' title='bbox 1454 1458 1593 1519; x_wconf 89' lang='lat' dir='ltr'>Veneto-</span> 
     </span>
     <span class='ocr_line' id='line_1_13' title="bbox 283 1546 1594 1624; baseline 0.001 -17"><span class='ocrx_word' id='word_1_117' title='bbox 283 1566 353 1609; x_wconf 87' lang='lat' dir='ltr'>rum</span> <span class='ocrx_word' id='word_1_118' title='bbox 365 1547 539 1609; x_wconf 90' lang='lat' dir='ltr'>constitutis</span> <span class='ocrx_word' id='word_1_119' title='bbox 549 1547 662 1608; x_wconf 90' lang='lat' dir='ltr'>scilicet</span> <span class='ocrx_word' id='word_1_120' title='bbox 674 1548 794 1623; x_wconf 89' lang='lat' dir='ltr'>vinum,</span> <span class='ocrx_word' id='word_1_121' title='bbox 806 1547 922 1624; x_wconf 90' lang='lat' dir='ltr'>oleum,</span> <span class='ocrx_word' id='word_1_122' title='bbox 933 1546 1074 1607; x_wconf 89' lang='lat' dir='ltr'>candelas</span> <span class='ocrx_word' id='word_1_123' title='bbox 1085 1563 1113 1606; x_wconf 91' lang='lat' dir='ltr'>et</span> <span class='ocrx_word' id='word_1_124' title='bbox 1124 1566 1231 1607; x_wconf 90' lang='lat' dir='ltr'>carnes</span> <span class='ocrx_word' id='word_1_125' title='bbox 1241 1547 1449 1608; x_wconf 87' lang='lat' dir='ltr'>vendentibus</span> <span class='ocrx_word' id='word_1_126' title='bbox 1466 1567 1594 1608; x_wconf 90' lang='lat' dir='ltr'>necnon</span> 
     </span>
     <span class='ocr_line' id='line_1_14' title="bbox 282 1634 1594 1718; baseline -0.001 -21"><span class='ocrx_word' id='word_1_127' title='bbox 282 1636 484 1718; x_wconf 90' lang='lat' dir='ltr'>apothecariis</span> <span class='ocrx_word' id='word_1_128' title='bbox 502 1636 659 1716; x_wconf 82' lang='lat' dir='ltr'>vectigalia</span> <span class='ocrx_word' id='word_1_129' title='bbox 688 1637 878 1717; x_wconf 86' lang='lat' dir='ltr'>imposuerat</span> <span class='ocrx_word' id='word_1_130' title='bbox 903 1653 932 1696; x_wconf 91' lang='lat' dir='ltr'>et</span> <span class='ocrx_word' id='word_1_131' title='bbox 957 1655 1011 1717; x_wconf 93' lang='lat' dir='ltr'>per</span> <span class='ocrx_word' id='word_1_132' title='bbox 1036 1655 1164 1697; x_wconf 91' lang='lat' dir='ltr'>manum</span> <span class='ocrx_word' id='word_1_133' title='bbox 1192 1634 1357 1715; x_wconf 84' lang='lat' dir='ltr'>justiciarii,</span> <span class='ocrx_word' id='word_1_134' title='bbox 1385 1637 1439 1717; x_wconf 92' lang='lat' dir='ltr'>qui</span> <span class='ocrx_word' id='word_1_135' title='bbox 1465 1654 1594 1697; x_wconf 89' lang='lat' dir='ltr'>vocatur</span> 
     </span>
     <span class='ocr_line' id='line_1_15' title="bbox 284 1725 1593 1808; baseline -0.002 -21"><span class='ocrx_word' id='word_1_136' title='bbox 284 1727 430 1808; x_wconf 89' lang='lat' dir='ltr'>Matasep,</span> <span class='ocrx_word' id='word_1_137' title='bbox 440 1725 462 1804; x_wconf 85' lang='lat'>¹)</span> <span class='ocrx_word' id='word_1_138' title='bbox 486 1742 635 1805; x_wconf 83' lang='lat' dir='ltr'>exegerat,</span> <span class='ocrx_word' id='word_1_139' title='bbox 661 1745 739 1806; x_wconf 91' lang='lat' dir='ltr'>quae</span> <span class='ocrx_word' id='word_1_140' title='bbox 759 1726 867 1787; x_wconf 91' lang='lat' dir='ltr'>Veneti</span> <span class='ocrx_word' id='word_1_141' title='bbox 893 1745 978 1786; x_wconf 93' lang='lat' dir='ltr'>nunc</span> <span class='ocrx_word' id='word_1_142' title='bbox 995 1745 1049 1806; x_wconf 91' lang='lat' dir='ltr'>per</span> <span class='ocrx_word' id='word_1_143' title='bbox 1065 1726 1221 1786; x_wconf 91' lang='lat' dir='ltr'>Venetum</span> <span class='ocrx_word' id='word_1_144' title='bbox 1237 1726 1411 1786; x_wconf 76' lang='lat' dir='ltr'>iohannem</span> <span class='ocrx_word' id='word_1_145' title='bbox 1431 1727 1593 1788; x_wconf 88' lang='lat' dir='ltr'>Palamum</span> 
     </span>
     <span class='ocr_line' id='line_1_16' title="bbox 283 1814 1592 1896; baseline 0 -20"><span class='ocrx_word' id='word_1_146' title='bbox 283 1816 378 1877; x_wconf 92' lang='lat' dir='ltr'>libere</span> <span class='ocrx_word' id='word_1_147' title='bbox 395 1815 523 1896; x_wconf 82' lang='lat' dir='ltr'>exigunt</span> <span class='ocrx_word' id='word_1_148' title='bbox 538 1830 568 1876; x_wconf 89' lang='lat' dir='ltr'>et</span> <span class='ocrx_word' id='word_1_149' title='bbox 585 1815 763 1895; x_wconf 87' lang='lat' dir='ltr'>imponunt.</span> <span class='ocrx_word' id='word_1_150' title='bbox 798 1816 871 1876; x_wconf 88' lang='lat' dir='ltr'>Item</span> <span class='ocrx_word' id='word_1_151' title='bbox 890 1814 1121 1894; x_wconf 90' lang='lat' dir='ltr'>unusquisque,</span> <span class='ocrx_word' id='word_1_152' title='bbox 1140 1815 1195 1895; x_wconf 90' lang='lat' dir='ltr'>qui</span> <span class='ocrx_word' id='word_1_153' title='bbox 1212 1815 1332 1875; x_wconf 90' lang='lat' dir='ltr'>volebat</span> <span class='ocrx_word' id='word_1_154' title='bbox 1349 1835 1481 1896; x_wconf 88' lang='lat' dir='ltr'>porcum</span> <span class='ocrx_word' id='word_1_155' title='bbox 1498 1817 1592 1877; x_wconf 91' lang='lat' dir='ltr'>inter-</span> 
     </span>
     <span class='ocr_line' id='line_1_17' title="bbox 283 1903 1593 1985; baseline 0.001 -20"><span class='ocrx_word' id='word_1_156' title='bbox 283 1904 373 1966; x_wconf 88' lang='lat' dir='ltr'>ficere</span> <span class='ocrx_word' id='word_1_157' title='bbox 390 1906 437 1966; x_wconf 93' lang='lat' dir='ltr'>vel</span> <span class='ocrx_word' id='word_1_158' title='bbox 454 1906 598 1983; x_wconf 89' lang='lat' dir='ltr'>vendere,</span> <span class='ocrx_word' id='word_1_159' title='bbox 616 1905 716 1965; x_wconf 89' lang='lat' dir='ltr'>curiae</span> <span class='ocrx_word' id='word_1_160' title='bbox 734 1905 813 1983; x_wconf 85' lang='lat' dir='ltr'>regis</span> <span class='ocrx_word' id='word_1_161' title='bbox 830 1904 869 1965; x_wconf 97' lang='lat' dir='ltr'>lV</span> <span class='ocrx_word' id='word_1_162' title='bbox 887 1903 1031 1966; x_wconf 91' lang='lat' dir='ltr'>denarios</span> <span class='ocrx_word' id='word_1_163' title='bbox 1050 1905 1196 1977; x_wconf 89' lang='lat' dir='ltr'>solvebat,</span> <span class='ocrx_word' id='word_1_164' title='bbox 1214 1905 1302 1985; x_wconf 93' lang='lat' dir='ltr'>quod</span> <span class='ocrx_word' id='word_1_165' title='bbox 1325 1906 1475 1965; x_wconf 89' lang='lat' dir='ltr'>tributum</span> <span class='ocrx_word' id='word_1_166' title='bbox 1499 1918 1593 1967; x_wconf 87' lang='lat' dir='ltr'>tuazo</span> 
     </span>
     <span class='ocr_line' id='line_1_18' title="bbox 283 1993 1594 2074; baseline 0 -21"><span class='ocrx_word' id='word_1_167' title='bbox 283 1996 463 2074; x_wconf 89' lang='lat' dir='ltr'>vocabatur,</span> <span class='ocrx_word' id='word_1_168' title='bbox 489 1995 543 2054; x_wconf 89' lang='lat' dir='ltr'>sed</span> <span class='ocrx_word' id='word_1_169' title='bbox 570 2013 656 2054; x_wconf 89' lang='lat' dir='ltr'>nunc</span> <span class='ocrx_word' id='word_1_170' title='bbox 682 2013 747 2055; x_wconf 91' lang='lat' dir='ltr'>non</span> <span class='ocrx_word' id='word_1_171' title='bbox 773 1994 921 2055; x_wconf 91' lang='lat' dir='ltr'>redditur.</span> <span class='ocrx_word' id='word_1_172' title='bbox 956 1994 1078 2055; x_wconf 90' lang='lat' dir='ltr'>Deinde</span> <span class='ocrx_word' id='word_1_173' title='bbox 1104 1993 1259 2054; x_wconf 90' lang='lat' dir='ltr'>Marsilius</span> <span class='ocrx_word' id='word_1_174' title='bbox 1285 1993 1399 2055; x_wconf 85' lang='lat' dir='ltr'>formas</span> <span class='ocrx_word' id='word_1_175' title='bbox 1427 1993 1594 2072; x_wconf 83' lang='lat' dir='ltr'>juramenti</span> 
     </span>
     <span class='ocr_line' id='line_1_19' title="bbox 284 2081 1594 2164; baseline 0 -20"><span class='ocrx_word' id='word_1_176' title='bbox 284 2081 434 2162; x_wconf 86' lang='lat' dir='ltr'>judicum,</span> <span class='ocrx_word' id='word_1_177' title='bbox 458 2084 537 2145; x_wconf 91' lang='lat' dir='ltr'>sicut</span> <span class='ocrx_word' id='word_1_178' title='bbox 553 2084 586 2144; x_wconf 95' lang='lat' dir='ltr'>in</span> <span class='ocrx_word' id='word_1_179' title='bbox 605 2084 834 2145; x_wconf 90' lang='lat' dir='ltr'>consuetudine</span> <span class='ocrx_word' id='word_1_180' title='bbox 856 2084 982 2164; x_wconf 91' lang='lat' dir='ltr'>antiqua</span> <span class='ocrx_word' id='word_1_181' title='bbox 1007 2084 1131 2144; x_wconf 89' lang='lat' dir='ltr'>inventa</span> <span class='ocrx_word' id='word_1_182' title='bbox 1155 2083 1221 2158; x_wconf 90' lang='lat' dir='ltr'>fuit,</span> <span class='ocrx_word' id='word_1_183' title='bbox 1246 2102 1370 2144; x_wconf 90' lang='lat' dir='ltr'>necnon</span> <span class='ocrx_word' id='word_1_184' title='bbox 1394 2083 1547 2144; x_wconf 86' lang='lat' dir='ltr'>fidelitatis</span> <span class='ocrx_word' id='word_1_185' title='bbox 1565 2100 1594 2144; x_wconf 90' lang='lat' dir='ltr'>et</span> 
     </span>
     <span class='ocr_line' id='line_1_20' title="bbox 284 2171 1594 2254; baseline -0.001 -21"><span class='ocrx_word' id='word_1_186' title='bbox 284 2174 478 2235; x_wconf 88' lang='lat' dir='ltr'>obedientiae</span> <span class='ocrx_word' id='word_1_187' title='bbox 489 2173 582 2248; x_wconf 87' lang='lat' dir='ltr'>addit,</span> <span class='ocrx_word' id='word_1_188' title='bbox 594 2174 681 2253; x_wconf 89' lang='lat' dir='ltr'>quod</span> <span class='ocrx_word' id='word_1_189' title='bbox 699 2193 753 2254; x_wconf 90' lang='lat' dir='ltr'>per</span> <span class='ocrx_word' id='word_1_190' title='bbox 769 2192 880 2234; x_wconf 90' lang='lat' dir='ltr'>omnes</span> <span class='ocrx_word' id='word_1_191' title='bbox 897 2173 929 2233; x_wconf 91' lang='lat' dir='ltr'>in</span> <span class='ocrx_word' id='word_1_192' title='bbox 946 2171 1084 2234; x_wconf 90' lang='lat' dir='ltr'>terciario</span> <span class='ocrx_word' id='word_1_193' title='bbox 1096 2173 1286 2234; x_wconf 88' lang='lat' dir='ltr'>Venetorum</span> <span class='ocrx_word' id='word_1_194' title='bbox 1304 2173 1486 2234; x_wconf 89' lang='lat' dir='ltr'>constitutos</span> <span class='ocrx_word' id='word_1_195' title='bbox 1503 2172 1545 2251; x_wconf 90' lang='lat' dir='ltr'>fit,</span> <span class='ocrx_word' id='word_1_196' title='bbox 1565 2187 1594 2233; x_wconf 90' lang='lat' dir='ltr'>et</span> 
     </span>
     <span class='ocr_line' id='line_1_21' title="bbox 286 2261 1594 2343; baseline -0.002 -20"><span class='ocrx_word' id='word_1_197' title='bbox 286 2263 430 2338; x_wconf 92' lang='lat' dir='ltr'>modum,</span> <span class='ocrx_word' id='word_1_198' title='bbox 447 2282 513 2343; x_wconf 91' lang='lat' dir='ltr'>quo</span> <span class='ocrx_word' id='word_1_199' title='bbox 530 2263 584 2342; x_wconf 89' lang='lat' dir='ltr'>qui</span> <span class='ocrx_word' id='word_1_200' title='bbox 609 2263 721 2323; x_wconf 91' lang='lat' dir='ltr'>domos</span> <span class='ocrx_word' id='word_1_201' title='bbox 745 2279 855 2322; x_wconf 89' lang='lat' dir='ltr'>emunt</span> <span class='ocrx_word' id='word_1_202' title='bbox 870 2278 899 2322; x_wconf 96' lang='lat' dir='ltr'>et</span> <span class='ocrx_word' id='word_1_203' title='bbox 915 2263 1056 2323; x_wconf 92' lang='lat' dir='ltr'>vendunt</span> <span class='ocrx_word' id='word_1_204' title='bbox 1073 2261 1116 2323; x_wconf 94' lang='lat' dir='ltr'>uti</span> <span class='ocrx_word' id='word_1_205' title='bbox 1134 2263 1262 2338; x_wconf 89' lang='lat' dir='ltr'>debent;</span> <span class='ocrx_word' id='word_1_206' title='bbox 1290 2262 1413 2341; x_wconf 90' lang='lat' dir='ltr'>deinde,</span> <span class='ocrx_word' id='word_1_207' title='bbox 1431 2262 1594 2323; x_wconf 89' lang='lat' dir='ltr'>ecclesiam</span> 
     </span>
     <span class='ocr_line' id='line_1_22' title="bbox 285 2351 1593 2432; baseline -0.002 -19"><span class='ocrx_word' id='word_1_208' title='bbox 285 2352 315 2413; x_wconf 89' lang='lat' dir='ltr'>S.</span> <span class='ocrx_word' id='word_1_209' title='bbox 334 2351 430 2413; x_wconf 89' lang='lat' dir='ltr'>Marci</span> <span class='ocrx_word' id='word_1_210' title='bbox 447 2352 480 2413; x_wconf 94' lang='lat' dir='ltr'>in</span> <span class='ocrx_word' id='word_1_211' title='bbox 496 2351 638 2432; x_wconf 89' lang='lat' dir='ltr'>captione</span> <span class='ocrx_word' id='word_1_212' title='bbox 655 2351 768 2412; x_wconf 90' lang='lat' dir='ltr'>Terrae</span> <span class='ocrx_word' id='word_1_213' title='bbox 786 2351 913 2412; x_wconf 88' lang='lat' dir='ltr'>Sanctae</span> <span class='ocrx_word' id='word_1_214' title='bbox 938 2351 1079 2432; x_wconf 90' lang='lat' dir='ltr'>primitus</span> <span class='ocrx_word' id='word_1_215' title='bbox 1096 2351 1255 2412; x_wconf 86' lang='lat' dir='ltr'>fundatam</span> <span class='ocrx_word' id='word_1_216' title='bbox 1273 2351 1399 2412; x_wconf 88' lang='lat' dir='ltr'>liberam</span> <span class='ocrx_word' id='word_1_217' title='bbox 1417 2371 1520 2431; x_wconf 91' lang='lat' dir='ltr'>neque</span> <span class='ocrx_word' id='word_1_218' title='bbox 1536 2352 1593 2412; x_wconf 93' lang='lat' dir='ltr'>ulli</span> 
     </span>
     <span class='ocr_line' id='line_1_23' title="bbox 284 2439 1593 2522; baseline -0.001 -20"><span class='ocrx_word' id='word_1_219' title='bbox 284 2439 488 2520; x_wconf 87' lang='lat' dir='ltr'>jurisdictioni</span> <span class='ocrx_word' id='word_1_220' title='bbox 498 2439 1593 2522; x_wconf 84' lang='lat' dir='ltr'>subfuisse,conlirmatetpossessionesenumerat,quaseademecclesia</span> 
     </span>
     <span class='ocr_line' id='line_1_24' title="bbox 285 2529 1593 2611; baseline 0.001 -21"><span class='ocrx_word' id='word_1_221' title='bbox 285 2530 386 2592; x_wconf 90' lang='lat' dir='ltr'>habet.</span> <span class='ocrx_word' id='word_1_222' title='bbox 410 2531 551 2592; x_wconf 88' lang='lat' dir='ltr'>Primum</span> <span class='ocrx_word' id='word_1_223' title='bbox 577 2530 662 2590; x_wconf 91' lang='lat' dir='ltr'>enim</span> <span class='ocrx_word' id='word_1_224' title='bbox 680 2530 848 2591; x_wconf 90' lang='lat' dir='ltr'>fondacum</span> <span class='ocrx_word' id='word_1_225' title='bbox 868 2531 900 2591; x_wconf 93' lang='lat' dir='ltr'>in</span> <span class='ocrx_word' id='word_1_226' title='bbox 917 2529 1044 2591; x_wconf 90' lang='lat' dir='ltr'>introitu</span> <span class='ocrx_word' id='word_1_227' title='bbox 1062 2545 1168 2611; x_wconf 91' lang='lat' dir='ltr'>portae</span> <span class='ocrx_word' id='word_1_228' title='bbox 1186 2529 1324 2607; x_wconf 89' lang='lat' dir='ltr'>civitatis,</span> <span class='ocrx_word' id='word_1_229' title='bbox 1348 2550 1420 2591; x_wconf 91' lang='lat' dir='ltr'>cum</span> <span class='ocrx_word' id='word_1_230' title='bbox 1436 2530 1560 2591; x_wconf 90' lang='lat' dir='ltr'>venitur</span> <span class='ocrx_word' id='word_1_231' title='bbox 1576 2551 1593 2591; x_wconf 90' lang='lat' dir='ltr'>a</span> 
     </span>
     <span class='ocr_line' id='line_1_25' title="bbox 285 2619 1593 2700; baseline 0 -20"><span class='ocrx_word' id='word_1_232' title='bbox 285 2635 407 2699; x_wconf 88' lang='lat' dir='ltr'>catena,</span> <span class='ocrx_word' id='word_1_233' title='bbox 439 2636 468 2681; x_wconf 94' lang='lat' dir='ltr'>et</span> <span class='ocrx_word' id='word_1_234' title='bbox 498 2640 604 2681; x_wconf 89' lang='lat' dir='ltr'>versus</span> <span class='ocrx_word' id='word_1_235' title='bbox 633 2620 764 2700; x_wconf 87' lang='lat' dir='ltr'>plateam</span> <span class='ocrx_word' id='word_1_236' title='bbox 790 2619 813 2680; x_wconf 95' lang='lat' dir='ltr'>ll</span> <span class='ocrx_word' id='word_1_237' title='bbox 836 2620 981 2680; x_wconf 89' lang='lat' dir='ltr'>stationes</span> <span class='ocrx_word' id='word_1_238' title='bbox 1008 2619 1054 2695; x_wconf 85' lang='lat' dir='ltr'>(et</span> <span class='ocrx_word' id='word_1_239' title='bbox 1076 2620 1250 2680; x_wconf 84' lang='lat' dir='ltr'>extenditur</span> <span class='ocrx_word' id='word_1_240' title='bbox 1272 2619 1389 2680; x_wconf 90' lang='lat' dir='ltr'>dictum</span> <span class='ocrx_word' id='word_1_241' title='bbox 1421 2619 1593 2681; x_wconf 88' lang='lat' dir='ltr'>fondacum</span> 
     </span>
     <span class='ocr_line' id='line_1_26' title="bbox 285 2708 1592 2790; baseline 0.001 -23"><span class='ocrx_word' id='word_1_242' title='bbox 285 2728 392 2771; x_wconf 87' lang='lat' dir='ltr'>versus</span> <span class='ocrx_word' id='word_1_243' title='bbox 415 2710 577 2787; x_wconf 89' lang='lat' dir='ltr'>orientem,</span> <span class='ocrx_word' id='word_1_244' title='bbox 601 2724 756 2790; x_wconf 88' lang='lat' dir='ltr'>quantum</span> <span class='ocrx_word' id='word_1_245' title='bbox 785 2710 958 2770; x_wconf 89' lang='lat' dir='ltr'>extenditur</span> <span class='ocrx_word' id='word_1_246' title='bbox 986 2708 1112 2769; x_wconf 89' lang='lat' dir='ltr'>ecclesia</span> <span class='ocrx_word' id='word_1_247' title='bbox 1135 2709 1166 2769; x_wconf 92' lang='lat' dir='ltr'><strong>S.</strong></span> <span class='ocrx_word' id='word_1_248' title='bbox 1191 2709 1287 2770; x_wconf 89' lang='lat' dir='ltr'>Marci</span> <span class='ocrx_word' id='word_1_249' title='bbox 1311 2724 1340 2769; x_wconf 92' lang='lat' dir='ltr'>et</span> <span class='ocrx_word' id='word_1_250' title='bbox 1358 2728 1469 2790; x_wconf 90' lang='lat' dir='ltr'>parum</span> <span class='ocrx_word' id='word_1_251' title='bbox 1493 2708 1592 2790; x_wconf 81' lang='lat' dir='ltr'>plus),</span> 
     </span>
     <span class='ocr_line' id='line_1_27' title="bbox 283 2797 1592 2880; baseline 0 -21"><span class='ocrx_word' id='word_1_252' title='bbox 283 2798 398 2859; x_wconf 91' lang='lat' dir='ltr'>deinde</span> <span class='ocrx_word' id='word_1_253' title='bbox 415 2799 580 2860; x_wconf 89' lang='lat' dir='ltr'>stationem</span> <span class='ocrx_word' id='word_1_254' title='bbox 603 2800 662 2860; x_wconf 87' lang='lat' dir='ltr'>sub</span> <span class='ocrx_word' id='word_1_255' title='bbox 685 2799 806 2880; x_wconf 89' lang='lat' dir='ltr'>porticu</span> <span class='ocrx_word' id='word_1_256' title='bbox 831 2798 862 2859; x_wconf 91' lang='lat' dir='ltr'>S.</span> <span class='ocrx_word' id='word_1_257' title='bbox 884 2797 980 2859; x_wconf 85' lang='lat' dir='ltr'>Marci</span> <span class='ocrx_word' id='word_1_258' title='bbox 997 2797 1039 2872; x_wconf 90' lang='lat' dir='ltr'>(iu</span> <span class='ocrx_word' id='word_1_259' title='bbox 1056 2798 1153 2878; x_wconf 90' lang='lat' dir='ltr'>capite</span> <span class='ocrx_word' id='word_1_260' title='bbox 1169 2818 1242 2859; x_wconf 89' lang='lat' dir='ltr'>vero</span> <span class='ocrx_word' id='word_1_261' title='bbox 1260 2797 1383 2858; x_wconf 86' lang='lat' dir='ltr'>londaci</span> <span class='ocrx_word' id='word_1_262' title='bbox 1405 2811 1450 2858; x_wconf 90' lang='lat' dir='ltr'>est</span> <span class='ocrx_word' id='word_1_263' title='bbox 1469 2798 1592 2877; x_wconf 85' lang='lat' dir='ltr'>furnus,</span> 
     </span>
     <span class='ocr_line' id='line_1_28' title="bbox 284 2885 1592 2969; baseline 0 -21"><span class='ocrx_word' id='word_1_264' title='bbox 284 2888 323 2948; x_wconf 91' lang='lat' dir='ltr'>de</span> <span class='ocrx_word' id='word_1_265' title='bbox 339 2886 428 2967; x_wconf 86' lang='lat' dir='ltr'>cujus</span> <span class='ocrx_word' id='word_1_266' title='bbox 445 2888 567 2950; x_wconf 90' lang='lat' dir='ltr'>redditu</span> <span class='ocrx_word' id='word_1_267' title='bbox 583 2906 753 2949; x_wconf 90' lang='lat' dir='ltr'>commune</span> <span class='ocrx_word' id='word_1_268' title='bbox 768 2888 963 2951; x_wconf 84' lang='lat' dir='ltr'>Venetorum</span> <span class='ocrx_word' id='word_1_269' title='bbox 980 2887 1071 2948; x_wconf 91' lang='lat' dir='ltr'>habet</span> <span class='ocrx_word' id='word_1_270' title='bbox 1087 2887 1125 2948; x_wconf 96' lang='lat' dir='ltr'>lll</span> <span class='ocrx_word' id='word_1_271' title='bbox 1141 2903 1241 2969; x_wconf 88' lang='lat' dir='ltr'>partes</span> <span class='ocrx_word' id='word_1_272' title='bbox 1257 2902 1286 2947; x_wconf 91' lang='lat' dir='ltr'>et</span> <span class='ocrx_word' id='word_1_273' title='bbox 1302 2885 1428 2949; x_wconf 89' lang='lat' dir='ltr'>ecclesia</span> <span class='ocrx_word' id='word_1_274' title='bbox 1446 2887 1476 2948; x_wconf 88' lang='lat' dir='ltr'>S.</span> <span class='ocrx_word' id='word_1_275' title='bbox 1493 2887 1592 2949; x_wconf 90' lang='lat' dir='ltr'>Marci</span> 
     </span>
     <span class='ocr_line' id='line_1_29' title="bbox 282 2976 1592 3057; baseline -0.002 -19"><span class='ocrx_word' id='word_1_276' title='bbox 282 2977 308 3038; x_wconf 94' lang='lat' dir='ltr'>Il</span> <span class='ocrx_word' id='word_1_277' title='bbox 325 2997 361 3038; x_wconf 88' lang='lat' dir='ltr'>ex</span> <span class='ocrx_word' id='word_1_278' title='bbox 377 2978 596 3054; x_wconf 89' lang='lat' dir='ltr'>conventione,</span> <span class='ocrx_word' id='word_1_279' title='bbox 613 2997 707 3057; x_wconf 90' lang='lat' dir='ltr'>quam</span> <span class='ocrx_word' id='word_1_280' title='bbox 725 2977 796 3038; x_wconf 87' lang='lat' dir='ltr'>fecit</span> <span class='ocrx_word' id='word_1_281' title='bbox 812 2978 973 3057; x_wconf 89' lang='lat' dir='ltr'>quondam</span> <span class='ocrx_word' id='word_1_282' title='bbox 993 2976 1115 3055; x_wconf 87' lang='lat' dir='ltr'>bajulus</span> <span class='ocrx_word' id='word_1_283' title='bbox 1136 2977 1323 3038; x_wconf 91' lang='lat' dir='ltr'>Dominicus</span> <span class='ocrx_word' id='word_1_284' title='bbox 1340 2982 1494 3038; x_wconf 83' lang='lat' dir='ltr'>Acotanto</span> <span class='ocrx_word' id='word_1_285' title='bbox 1517 2996 1592 3038; x_wconf 92' lang='lat' dir='ltr'>cum</span> 
     </span>
     <span class='ocr_line' id='line_1_30' title="bbox 283 3066 1592 3147; baseline 0 -21"><span class='ocrx_word' id='word_1_286' title='bbox 283 3066 417 3147; x_wconf 86' lang='lat' dir='ltr'>plebano</span> <span class='ocrx_word' id='word_1_287' title='bbox 434 3068 472 3128; x_wconf 93' lang='lat' dir='ltr'>de</span> <span class='ocrx_word' id='word_1_288' title='bbox 489 3067 570 3128; x_wconf 91' lang='lat' dir='ltr'>dicto</span> <span class='ocrx_word' id='word_1_289' title='bbox 587 3066 680 3128; x_wconf 88' lang='lat' dir='ltr'>furno</span> <span class='ocrx_word' id='word_1_290' title='bbox 697 3083 726 3128; x_wconf 91' lang='lat' dir='ltr'>et</span> <span class='ocrx_word' id='word_1_291' title='bbox 742 3066 847 3144; x_wconf 91' lang='lat' dir='ltr'>altero,</span> <span class='ocrx_word' id='word_1_292' title='bbox 866 3067 920 3147; x_wconf 92' lang='lat' dir='ltr'>qui</span> <span class='ocrx_word' id='word_1_293' title='bbox 943 3066 1001 3127; x_wconf 86' lang='lat' dir='ltr'>fuit</span> <span class='ocrx_word' id='word_1_294' title='bbox 1024 3066 1202 3128; x_wconf 89' lang='lat' dir='ltr'>communis</span> <span class='ocrx_word' id='word_1_295' title='bbox 1221 3067 1412 3127; x_wconf 88' lang='lat' dir='ltr'>Venetorum</span> <span class='ocrx_word' id='word_1_296' title='bbox 1433 3067 1487 3127; x_wconf 91' lang='lat' dir='ltr'>sed</span> <span class='ocrx_word' id='word_1_297' title='bbox 1504 3085 1592 3128; x_wconf 91' lang='lat' dir='ltr'>nunc</span> 
     </span>
     <span class='ocr_line' id='line_1_31' title="bbox 283 3155 1592 3236; baseline 0 -20"><span class='ocrx_word' id='word_1_298' title='bbox 283 3169 379 3217; x_wconf 89' lang='lat' dir='ltr'>terrae</span> <span class='ocrx_word' id='word_1_299' title='bbox 403 3171 492 3218; x_wconf 91' lang='lat' dir='ltr'>motu</span> <span class='ocrx_word' id='word_1_300' title='bbox 516 3157 689 3218; x_wconf 91' lang='lat' dir='ltr'>destructus</span> <span class='ocrx_word' id='word_1_301' title='bbox 711 3155 803 3235; x_wconf 88' lang='lat' dir='ltr'>jacet;</span> <span class='ocrx_word' id='word_1_302' title='bbox 830 3157 950 3236; x_wconf 91' lang='lat' dir='ltr'>dequo</span> <span class='ocrx_word' id='word_1_303' title='bbox 967 3156 1061 3217; x_wconf 83' lang='lat' dir='ltr'>furno</span> <span class='ocrx_word' id='word_1_304' title='bbox 1078 3172 1140 3217; x_wconf 91' lang='lat' dir='ltr'>erat</span> <span class='ocrx_word' id='word_1_305' title='bbox 1157 3156 1268 3217; x_wconf 91' lang='lat' dir='ltr'>divisio</span> <span class='ocrx_word' id='word_1_306' title='bbox 1291 3155 1428 3216; x_wconf 93' lang='lat' dir='ltr'>redditus</span> <span class='ocrx_word' id='word_1_307' title='bbox 1450 3155 1529 3216; x_wconf 91' lang='lat' dir='ltr'>sicut</span> <span class='ocrx_word' id='word_1_308' title='bbox 1553 3156 1592 3216; x_wconf 92' lang='lat' dir='ltr'>de</span> 
     </span>
     <span class='ocr_line' id='line_1_32' title="bbox 283 3244 1593 3327; baseline 0.001 -22"><span class='ocrx_word' id='word_1_309' title='bbox 283 3246 488 3326; x_wconf 90' lang='lat' dir='ltr'>supradicto),</span> <span class='ocrx_word' id='word_1_310' title='bbox 519 3261 673 3326; x_wconf 88' lang='lat' dir='ltr'>praeterea</span> <span class='ocrx_word' id='word_1_311' title='bbox 704 3246 841 3327; x_wconf 88' lang='lat' dir='ltr'>possidet</span> <span class='ocrx_word' id='word_1_312' title='bbox 870 3245 1003 3306; x_wconf 90' lang='lat' dir='ltr'>domum</span> <span class='ocrx_word' id='word_1_313' title='bbox 1026 3246 1058 3306; x_wconf 91' lang='lat' dir='ltr'>in</span> <span class='ocrx_word' id='word_1_314' title='bbox 1082 3245 1178 3326; x_wconf 90' lang='lat' dir='ltr'>capite</span> <span class='ocrx_word' id='word_1_315' title='bbox 1202 3264 1297 3324; x_wconf 82' lang='lat' dir='ltr'>rugae</span> <span class='ocrx_word' id='word_1_316' title='bbox 1321 3244 1351 3307; x_wconf 90' lang='lat' dir='ltr'>S.</span> <span class='ocrx_word' id='word_1_317' title='bbox 1376 3245 1472 3307; x_wconf 91' lang='lat' dir='ltr'>Marci</span> <span class='ocrx_word' id='word_1_318' title='bbox 1504 3264 1593 3306; x_wconf 91' lang='lat' dir='ltr'>nunc</span> 
     </span>
     <span class='ocr_line' id='line_1_33' title="bbox 283 3334 1593 3416; baseline 0.001 -20"><span class='ocrx_word' id='word_1_319' title='bbox 283 3334 484 3415; x_wconf 90' lang='lat' dir='ltr'>destructam,</span> <span class='ocrx_word' id='word_1_320' title='bbox 516 3335 571 3412; x_wconf 82' lang='lat' dir='ltr'>(de</span> <span class='ocrx_word' id='word_1_321' title='bbox 603 3356 664 3415; x_wconf 90' lang='lat' dir='ltr'>qua</span> <span class='ocrx_word' id='word_1_322' title='bbox 696 3335 814 3416; x_wconf 85' lang='lat' dir='ltr'>integra</span> <span class='ocrx_word' id='word_1_323' title='bbox 845 3335 991 3395; x_wconf 87' lang='lat' dir='ltr'>remansit</span> <span class='ocrx_word' id='word_1_324' title='bbox 1023 3335 1138 3413; x_wconf 82' lang='lat' dir='ltr'>volta),</span> <span class='ocrx_word' id='word_1_325' title='bbox 1177 3353 1272 3414; x_wconf 89' lang='lat' dir='ltr'>quam</span> <span class='ocrx_word' id='word_1_326' title='bbox 1304 3334 1437 3396; x_wconf 90' lang='lat' dir='ltr'>Michael</span> <span class='ocrx_word' id='word_1_327' title='bbox 1469 3334 1593 3397; x_wconf 88' lang='lat' dir='ltr'>Lunizo</span> 
     </span>
     <span class='ocr_line' id='line_1_34' title="bbox 284 3423 1592 3505; baseline -0.002 -19"><span class='ocrx_word' id='word_1_328' title='bbox 284 3423 315 3486; x_wconf 91' lang='lat' dir='ltr'><strong>S.</strong></span> <span class='ocrx_word' id='word_1_329' title='bbox 342 3426 449 3486; x_wconf 90' lang='lat' dir='ltr'>Marco</span> <span class='ocrx_word' id='word_1_330' title='bbox 472 3439 655 3486; x_wconf 89' lang='lat' dir='ltr'>testamento</span> <span class='ocrx_word' id='word_1_331' title='bbox 678 3423 819 3505; x_wconf 89' lang='lat' dir='ltr'>reliquit,</span> <span class='ocrx_word' id='word_1_332' title='bbox 850 3438 879 3484; x_wconf 91' lang='lat' dir='ltr'>et</span> <span class='ocrx_word' id='word_1_333' title='bbox 902 3425 1029 3485; x_wconf 91' lang='lat' dir='ltr'>hortum</span> <span class='ocrx_word' id='word_1_334' title='bbox 1060 3443 1131 3484; x_wconf 90' lang='lat' dir='ltr'>curn</span> <span class='ocrx_word' id='word_1_335' title='bbox 1163 3423 1241 3484; x_wconf 90' lang='lat' dir='ltr'>dicta</span> <span class='ocrx_word' id='word_1_336' title='bbox 1272 3424 1368 3484; x_wconf 91' lang='lat' dir='ltr'>domo</span> <span class='ocrx_word' id='word_1_337' title='bbox 1403 3424 1592 3485; x_wconf 89' lang='lat' dir='ltr'>continuum</span> 
     </span>
     <span class='ocr_line' id='line_1_35' title="bbox 283 3512 1592 3594; baseline -0.002 -19"><span class='ocrx_word' id='word_1_338' title='bbox 283 3513 389 3593; x_wconf 86' lang='lat' dir='ltr'>(quern</span> <span class='ocrx_word' id='word_1_339' title='bbox 414 3514 489 3575; x_wconf 89' lang='lat' dir='ltr'>emit</span> <span class='ocrx_word' id='word_1_340' title='bbox 510 3514 652 3576; x_wconf 88' lang='lat' dir='ltr'>Thomas</span> <span class='ocrx_word' id='word_1_341' title='bbox 675 3514 783 3592; x_wconf 92' lang='lat' dir='ltr'>Dulce,</span> <span class='ocrx_word' id='word_1_342' title='bbox 809 3529 989 3594; x_wconf 91' lang='lat' dir='ltr'>procurator</span> <span class='ocrx_word' id='word_1_343' title='bbox 1018 3513 1188 3590; x_wconf 88' lang='lat' dir='ltr'>ecclesiae),</span> <span class='ocrx_word' id='word_1_344' title='bbox 1217 3514 1348 3574; x_wconf 91' lang='lat' dir='ltr'>domum</span> <span class='ocrx_word' id='word_1_345' title='bbox 1374 3512 1489 3573; x_wconf 89' lang='lat' dir='ltr'>voltam</span> <span class='ocrx_word' id='word_1_346' title='bbox 1518 3532 1592 3574; x_wconf 91' lang='lat' dir='ltr'>cum</span> 
     </span>
     <span class='ocr_line' id='line_1_36' title="bbox 282 3601 1593 3685; baseline -0.002 -21"><span class='ocrx_word' id='word_1_347' title='bbox 282 3603 411 3664; x_wconf 89' lang='lat' dir='ltr'>cisterna</span> <span class='ocrx_word' id='word_1_348' title='bbox 443 3604 540 3685; x_wconf 69' lang='lat' dir='ltr'>(quae</span> <span class='ocrx_word' id='word_1_349' title='bbox 564 3602 690 3664; x_wconf 89' lang='lat' dir='ltr'>firmans</span> <span class='ocrx_word' id='word_1_350' title='bbox 715 3624 731 3663; x_wconf 86' lang='lat' dir='ltr'>a</span> <span class='ocrx_word' id='word_1_351' title='bbox 755 3602 778 3663; x_wconf 94' lang='lat' dir='ltr'>ll</span> <span class='ocrx_word' id='word_1_352' title='bbox 803 3602 948 3663; x_wconf 89' lang='lat' dir='ltr'>lateribus</span> <span class='ocrx_word' id='word_1_353' title='bbox 975 3603 1008 3663; x_wconf 92' lang='lat' dir='ltr'>in</span> <span class='ocrx_word' id='word_1_354' title='bbox 1037 3603 1184 3663; x_wconf 86' lang='lat' dir='ltr'>domibus</span> <span class='ocrx_word' id='word_1_355' title='bbox 1207 3601 1261 3662; x_wconf 89' lang='lat' dir='ltr'>filii</span> <span class='ocrx_word' id='word_1_356' title='bbox 1286 3602 1429 3662; x_wconf 87' lang='lat' dir='ltr'>Damiani</span> <span class='ocrx_word' id='word_1_357' title='bbox 1454 3623 1470 3663; x_wconf 92' lang='lat' dir='ltr'>a</span> <span class='ocrx_word' id='word_1_358' title='bbox 1494 3602 1593 3663; x_wconf 89' lang='lat' dir='ltr'>Maria</span> 
     </span>
     <span class='ocr_line' id='line_1_37' title="bbox 282 3691 1593 3769; baseline -0.002 -15"><span class='ocrx_word' id='word_1_359' title='bbox 282 3692 389 3754; x_wconf 90' lang='lat' dir='ltr'>Cauco</span> <span class='ocrx_word' id='word_1_360' title='bbox 420 3708 603 3754; x_wconf 90' lang='lat' dir='ltr'>testamento</span> <span class='ocrx_word' id='word_1_361' title='bbox 635 3693 731 3754; x_wconf 89' lang='lat' dir='ltr'>dictae</span> <span class='ocrx_word' id='word_1_362' title='bbox 761 3691 905 3753; x_wconf 88' lang='lat' dir='ltr'>ecclesiae</span> <span class='ocrx_word' id='word_1_363' title='bbox 937 3691 1038 3752; x_wconf 87' lang='lat' dir='ltr'>relicta</span> <span class='ocrx_word' id='word_1_364' title='bbox 1063 3691 1176 3769; x_wconf 84' lang='lat' dir='ltr'>fuerat)</span> <span class='ocrx_word' id='word_1_365' title='bbox 1209 3710 1334 3752; x_wconf 91' lang='lat' dir='ltr'>necnon</span> <span class='ocrx_word' id='word_1_366' title='bbox 1358 3692 1484 3752; x_wconf 88' lang='lat' dir='ltr'>hortum</span> <span class='ocrx_word' id='word_1_367' title='bbox 1509 3708 1593 3753; x_wconf 89' lang='lat' dir='ltr'>extra</span> 
     </span>
     <span class='ocr_line' id='line_1_38' title="bbox 282 3779 1592 3863; baseline -0.001 -21"><span class='ocrx_word' id='word_1_368' title='bbox 282 3781 446 3861; x_wconf 91' lang='lat' dir='ltr'>civitatem,</span> <span class='ocrx_word' id='word_1_369' title='bbox 464 3783 519 3863; x_wconf 92' lang='lat' dir='ltr'>qui</span> <span class='ocrx_word' id='word_1_370' title='bbox 541 3781 640 3844; x_wconf 89' lang='lat' dir='ltr'>firmat</span> <span class='ocrx_word' id='word_1_371' title='bbox 656 3801 762 3842; x_wconf 91' lang='lat' dir='ltr'>versus</span> <span class='ocrx_word' id='word_1_372' title='bbox 782 3782 935 3842; x_wconf 91' lang='lat' dir='ltr'>orientem</span> <span class='ocrx_word' id='word_1_373' title='bbox 954 3779 1036 3860; x_wconf 82' lang='lat' dir='ltr'>juxta</span> <span class='ocrx_word' id='word_1_374' title='bbox 1056 3796 1167 3841; x_wconf 90' lang='lat' dir='ltr'>terram</span> <span class='ocrx_word' id='word_1_375' title='bbox 1188 3781 1366 3842; x_wconf 91' lang='lat' dir='ltr'>communis</span> <span class='ocrx_word' id='word_1_376' title='bbox 1385 3780 1592 3861; x_wconf 89' lang='lat' dir='ltr'>Venetorum,</span> 
     </span>
     <span class='ocr_line' id='line_1_39' title="bbox 283 3869 1592 3953; baseline -0.002 -21"><span class='ocrx_word' id='word_1_377' title='bbox 283 3890 363 3951; x_wconf 87' lang='lat' dir='ltr'>quae</span> <span class='ocrx_word' id='word_1_378' title='bbox 374 3872 537 3953; x_wconf 91' lang='lat' dir='ltr'>quondam</span> <span class='ocrx_word' id='word_1_379' title='bbox 549 3871 606 3932; x_wconf 87' lang='lat' dir='ltr'>fuit</span> <span class='ocrx_word' id='word_1_380' title='bbox 617 3872 725 3932; x_wconf 92' lang='lat' dir='ltr'>hortus</span> <span class='ocrx_word' id='word_1_381' title='bbox 735 3890 841 3932; x_wconf 88' lang='lat' dir='ltr'>versus</span> <span class='ocrx_word' id='word_1_382' title='bbox 858 3871 1053 3931; x_wconf 92' lang='lat' dir='ltr'>occidentem</span> <span class='ocrx_word' id='word_1_383' title='bbox 1069 3886 1098 3931; x_wconf 90' lang='lat' dir='ltr'>et</span> <span class='ocrx_word' id='word_1_384' title='bbox 1115 3871 1215 3931; x_wconf 89' lang='lat' dir='ltr'>firmat</span> <span class='ocrx_word' id='word_1_385' title='bbox 1232 3869 1313 3947; x_wconf 82' lang='lat' dir='ltr'>juxta</span> <span class='ocrx_word' id='word_1_386' title='bbox 1333 3869 1470 3931; x_wconf 91' lang='lat' dir='ltr'>rivulum</span> <span class='ocrx_word' id='word_1_387' title='bbox 1481 3889 1592 3950; x_wconf 89' lang='lat' dir='ltr'>aquae,</span> 
     </span>
     <span class='ocr_line' id='line_1_40' title="bbox 283 3958 1594 4040; baseline -0.002 -18"><span class='ocrx_word' id='word_1_388' title='bbox 283 3979 363 4040; x_wconf 89' lang='lat' dir='ltr'>quae</span> <span class='ocrx_word' id='word_1_389' title='bbox 380 3962 464 4023; x_wconf 91' lang='lat' dir='ltr'>venit</span> <span class='ocrx_word' id='word_1_390' title='bbox 480 3963 518 4023; x_wconf 91' lang='lat' dir='ltr'>de</span> <span class='ocrx_word' id='word_1_391' title='bbox 536 3962 705 4039; x_wconf 86' lang='lat' dir='ltr'>conductu,</span> <span class='ocrx_word' id='word_1_392' title='bbox 716 3980 822 4020; x_wconf 92' lang='lat' dir='ltr'>versus</span> <span class='ocrx_word' id='word_1_393' title='bbox 839 3975 989 4036; x_wconf 88' lang='lat' dir='ltr'>austrum,</span> <span class='ocrx_word' id='word_1_394' title='bbox 1007 3958 1106 4020; x_wconf 89' lang='lat' dir='ltr'>firmat</span> <span class='ocrx_word' id='word_1_395' title='bbox 1123 3960 1155 4020; x_wconf 93' lang='lat' dir='ltr'>in</span> <span class='ocrx_word' id='word_1_396' title='bbox 1171 3961 1242 4020; x_wconf 90' lang='lat' dir='ltr'>loco</span> <span class='ocrx_word' id='word_1_397' title='bbox 1259 3959 1381 4020; x_wconf 89' lang='lat' dir='ltr'>Serram</span> <span class='ocrx_word' id='word_1_398' title='bbox 1392 3959 1474 4020; x_wconf 92' lang='lat' dir='ltr'>dicto</span> <span class='ocrx_word' id='word_1_399' title='bbox 1485 3979 1594 4021; x_wconf 88' lang='lat' dir='ltr'>versus</span> 
     </span>
     <span class='ocr_line' id='line_1_41' title="bbox 283 4048 1594 4132; baseline -0.001 -22"><span class='ocrx_word' id='word_1_400' title='bbox 283 4051 410 4112; x_wconf 88' lang='lat' dir='ltr'>boream</span> <span class='ocrx_word' id='word_1_401' title='bbox 427 4066 456 4112; x_wconf 93' lang='lat' dir='ltr'>et</span> <span class='ocrx_word' id='word_1_402' title='bbox 473 4051 505 4112; x_wconf 92' lang='lat' dir='ltr'>in</span> <span class='ocrx_word' id='word_1_403' title='bbox 522 4052 570 4112; x_wconf 89' lang='lat' dir='ltr'>via</span> <span class='ocrx_word' id='word_1_404' title='bbox 587 4049 718 4132; x_wconf 91' lang='lat' dir='ltr'>publica.</span> <span class='ocrx_word' id='word_1_405' title='bbox 751 4050 851 4110; x_wconf 89' lang='lat' dir='ltr'>Habet</span> <span class='ocrx_word' id='word_1_406' title='bbox 873 4068 1002 4130; x_wconf 91' lang='lat' dir='ltr'>quoque</span> <span class='ocrx_word' id='word_1_407' title='bbox 1026 4050 1180 4130; x_wconf 86' lang='lat' dir='ltr'>praedicta</span> <span class='ocrx_word' id='word_1_408' title='bbox 1202 4049 1328 4110; x_wconf 88' lang='lat' dir='ltr'>ecclesia</span> <span class='ocrx_word' id='word_1_409' title='bbox 1348 4048 1389 4109; x_wconf 95' lang='lat' dir='ltr'>lV</span> <span class='ocrx_word' id='word_1_410' title='bbox 1405 4050 1501 4109; x_wconf 88' lang='lat' dir='ltr'>voltas</span> <span class='ocrx_word' id='word_1_411' title='bbox 1518 4068 1594 4111; x_wconf 86' lang='lat' dir='ltr'>cunr</span> 
     </span>
     <span class='ocr_line' id='line_1_42' title="bbox 282 4137 1594 4219; baseline 0 -21"><span class='ocrx_word' id='word_1_412' title='bbox 282 4139 368 4201; x_wconf 93' lang='lat' dir='ltr'>curia</span> <span class='ocrx_word' id='word_1_413' title='bbox 384 4139 465 4219; x_wconf 84' lang='lat' dir='ltr'>juxta</span> <span class='ocrx_word' id='word_1_414' title='bbox 482 4141 643 4202; x_wconf 91' lang='lat' dir='ltr'>ecclesiam</span> <span class='ocrx_word' id='word_1_415' title='bbox 659 4139 771 4200; x_wconf 82' lang='lat' dir='ltr'>dictant</span> <span class='ocrx_word' id='word_1_416' title='bbox 784 4159 891 4199; x_wconf 87' lang='lat' dir='ltr'>versus</span> <span class='ocrx_word' id='word_1_417' title='bbox 907 4153 1057 4214; x_wconf 89' lang='lat' dir='ltr'>austrum,</span> <span class='ocrx_word' id='word_1_418' title='bbox 1075 4139 1128 4199; x_wconf 90' lang='lat' dir='ltr'>ubi</span> <span class='ocrx_word' id='word_1_419' title='bbox 1145 4137 1245 4199; x_wconf 91' lang='lat' dir='ltr'>clerici</span> <span class='ocrx_word' id='word_1_420' title='bbox 1262 4157 1335 4200; x_wconf 90' lang='lat' dir='ltr'>cum</span> <span class='ocrx_word' id='word_1_421' title='bbox 1352 4137 1487 4219; x_wconf 89' lang='lat' dir='ltr'>plebano</span> <span class='ocrx_word' id='word_1_422' title='bbox 1504 4138 1594 4199; x_wconf 89' lang='lat' dir='ltr'>habi-</span> 
     </span>
     <span class='ocr_line' id='line_1_43' title="bbox 283 4226 1595 4309; baseline -0.001 -20"><span class='ocrx_word' id='word_1_423' title='bbox 283 4242 346 4290; x_wconf 89' lang='lat' dir='ltr'>tare</span> <span class='ocrx_word' id='word_1_424' title='bbox 362 4229 474 4308; x_wconf 86' lang='lat' dir='ltr'>solent,</span> <span class='ocrx_word' id='word_1_425' title='bbox 491 4231 523 4291; x_wconf 95' lang='lat' dir='ltr'>in</span> <span class='ocrx_word' id='word_1_426' title='bbox 534 4229 673 4291; x_wconf 90' lang='lat' dir='ltr'>tercierio</span> <span class='ocrx_word' id='word_1_427' title='bbox 687 4229 880 4290; x_wconf 90' lang='lat' dir='ltr'>Venetorum</span> <span class='ocrx_word' id='word_1_428' title='bbox 898 4228 1057 4289; x_wconf 91' lang='lat' dir='ltr'>ecclesiam</span> <span class='ocrx_word' id='word_1_429' title='bbox 1074 4228 1104 4288; x_wconf 93' lang='lat' dir='ltr'>S.</span> <span class='ocrx_word' id='word_1_430' title='bbox 1116 4228 1220 4289; x_wconf 91' lang='lat' dir='ltr'>Jacobi</span> <span class='ocrx_word' id='word_1_431' title='bbox 1237 4226 1441 4304; x_wconf 89' lang='lat' dir='ltr'>jurisdictioni</span> <span class='ocrx_word' id='word_1_432' title='bbox 1453 4227 1595 4309; x_wconf 90' lang='lat' dir='ltr'>episcopi</span> 
     </span>
     <span class='ocr_line' id='line_1_44' title="bbox 282 4315 1595 4397; baseline 0 -19"><span class='ocrx_word' id='word_1_433' title='bbox 282 4317 460 4380; x_wconf 89' lang='lat' dir='ltr'>Torcellani</span> <span class='ocrx_word' id='word_1_434' title='bbox 472 4319 627 4381; x_wconf 85' lang='lat' dir='ltr'>subditam</span> <span class='ocrx_word' id='word_1_435' title='bbox 644 4334 673 4380; x_wconf 95' lang='lat' dir='ltr'>et</span> <span class='ocrx_word' id='word_1_436' title='bbox 689 4319 798 4379; x_wconf 91' lang='lat' dir='ltr'>subtus</span> <span class='ocrx_word' id='word_1_437' title='bbox 810 4318 849 4378; x_wconf 96' lang='lat' dir='ltr'>lV</span> <span class='ocrx_word' id='word_1_438' title='bbox 860 4318 1016 4395; x_wconf 90' lang='lat' dir='ltr'>stationes,</span> <span class='ocrx_word' id='word_1_439' title='bbox 1028 4337 1134 4378; x_wconf 91' lang='lat' dir='ltr'>versus</span> <span class='ocrx_word' id='word_1_440' title='bbox 1144 4333 1282 4379; x_wconf 88' lang='lat' dir='ltr'>austrum</span> <span class='ocrx_word' id='word_1_441' title='bbox 1295 4315 1376 4393; x_wconf 87' lang='lat' dir='ltr'>juxta</span> <span class='ocrx_word' id='word_1_442' title='bbox 1387 4316 1549 4378; x_wconf 84' lang='lat' dir='ltr'>ecclesiam</span> <span class='ocrx_word' id='word_1_443' title='bbox 1559 4317 1595 4397; x_wconf 93' lang='lat' dir='ltr'>ll,</span> 
     </span>
     <span class='ocr_line' id='line_1_45' title="bbox 281 4406 1594 4488; baseline 0.001 -21"><span class='ocrx_word' id='word_1_444' title='bbox 281 4427 390 4470; x_wconf 88' lang='lat' dir='ltr'>versus</span> <span class='ocrx_word' id='word_1_445' title='bbox 413 4423 554 4470; x_wconf 86' lang='lat' dir='ltr'>austrum</span> <span class='ocrx_word' id='word_1_446' title='bbox 577 4407 692 4470; x_wconf 91' lang='lat' dir='ltr'>voltam</span> <span class='ocrx_word' id='word_1_447' title='bbox 717 4406 860 4487; x_wconf 85' lang='lat' dir='ltr'>(desuper</span> <span class='ocrx_word' id='word_1_448' title='bbox 883 4426 944 4487; x_wconf 89' lang='lat' dir='ltr'>qua</span> <span class='ocrx_word' id='word_1_449' title='bbox 967 4422 1030 4467; x_wconf 90' lang='lat' dir='ltr'>erat</span> <span class='ocrx_word' id='word_1_450' title='bbox 1053 4407 1271 4467; x_wconf 90' lang='lat' dir='ltr'>dormitorium</span> <span class='ocrx_word' id='word_1_451' title='bbox 1293 4406 1477 4488; x_wconf 89' lang='lat' dir='ltr'>presbyteris</span> <span class='ocrx_word' id='word_1_452' title='bbox 1494 4406 1594 4468; x_wconf 90' lang='lat' dir='ltr'>dictae</span> 
     </span>
     <span class='ocr_line' id='line_1_46' title="bbox 283 4494 1596 4577; baseline -0.002 -19"><span class='ocrx_word' id='word_1_453' title='bbox 283 4496 437 4576; x_wconf 83' lang='lat' dir='ltr'>ecclesiae)</span> <span class='ocrx_word' id='word_1_454' title='bbox 463 4511 493 4558; x_wconf 92' lang='lat' dir='ltr'>et</span> <span class='ocrx_word' id='word_1_455' title='bbox 519 4499 652 4559; x_wconf 91' lang='lat' dir='ltr'>domum</span> <span class='ocrx_word' id='word_1_456' title='bbox 679 4497 865 4558; x_wconf 89' lang='lat' dir='ltr'>destructam</span> <span class='ocrx_word' id='word_1_457' title='bbox 892 4512 961 4577; x_wconf 93' lang='lat' dir='ltr'>post</span> <span class='ocrx_word' id='word_1_458' title='bbox 986 4497 1150 4556; x_wconf 87' lang='lat' dir='ltr'>corsariam</span> <span class='ocrx_word' id='word_1_459' title='bbox 1176 4496 1285 4577; x_wconf 82' lang='lat' dir='ltr'>(quarn</span> <span class='ocrx_word' id='word_1_460' title='bbox 1312 4496 1422 4557; x_wconf 91' lang='lat' dir='ltr'>retinet</span> <span class='ocrx_word' id='word_1_461' title='bbox 1447 4494 1596 4574; x_wconf 83' lang='lat' dir='ltr'>magister</span> 
     </span>
     <span class='ocr_line' id='line_1_47' title="bbox 283 4584 1597 4664; baseline -0.001 -17"><span class='ocrx_word' id='word_1_462' title='bbox 283 4585 418 4661; x_wconf 87' lang='lat' dir='ltr'>Haboti).</span> <span class='ocrx_word' id='word_1_463' title='bbox 451 4587 498 4648; x_wconf 92' lang='lat' dir='ltr'>De</span> <span class='ocrx_word' id='word_1_464' title='bbox 522 4588 618 4649; x_wconf 92' lang='lat' dir='ltr'>domo</span> <span class='ocrx_word' id='word_1_465' title='bbox 634 4585 776 4648; x_wconf 90' lang='lat' dir='ltr'>Thosani</span> <span class='ocrx_word' id='word_1_466' title='bbox 800 4585 980 4647; x_wconf 88' lang='lat' dir='ltr'>Maureceni</span> <span class='ocrx_word' id='word_1_467' title='bbox 997 4586 1107 4646; x_wconf 90' lang='lat' dir='ltr'>Veneti</span> <span class='ocrx_word' id='word_1_468' title='bbox 1131 4605 1255 4646; x_wconf 89' lang='lat' dir='ltr'>necnon</span> <span class='ocrx_word' id='word_1_469' title='bbox 1272 4586 1434 4664; x_wconf 86' lang='lat' dir='ltr'>quondam</span> <span class='ocrx_word' id='word_1_470' title='bbox 1458 4584 1597 4646; x_wconf 89' lang='lat' dir='ltr'>Rolandi</span> 
     </span>
     <span class='ocr_line' id='line_1_48' title="bbox 285 4673 1597 4757; baseline -0.002 -19"><span class='ocrx_word' id='word_1_471' title='bbox 285 4675 464 4756; x_wconf 69' lang='lat' dir='ltr'>Contemni,</span> <span class='ocrx_word' id='word_1_472' title='bbox 489 4696 569 4757; x_wconf 90' lang='lat' dir='ltr'>quae</span> <span class='ocrx_word' id='word_1_473' title='bbox 595 4696 681 4739; x_wconf 90' lang='lat' dir='ltr'>nunc</span> <span class='ocrx_word' id='word_1_474' title='bbox 703 4691 749 4736; x_wconf 91' lang='lat' dir='ltr'>est</span> <span class='ocrx_word' id='word_1_475' title='bbox 764 4673 911 4753; x_wconf 89' lang='lat' dir='ltr'>Pantelei,</span> <span class='ocrx_word' id='word_1_476' title='bbox 937 4675 1058 4754; x_wconf 86' lang='lat' dir='ltr'>singula</span> <span class='ocrx_word' id='word_1_477' title='bbox 1084 4675 1183 4736; x_wconf 87' lang='lat' dir='ltr'>rotula</span> <span class='ocrx_word' id='word_1_478' title='bbox 1209 4674 1270 4736; x_wconf 89' lang='lat' dir='ltr'>olei</span> <span class='ocrx_word' id='word_1_479' title='bbox 1295 4674 1420 4736; x_wconf 89' lang='lat' dir='ltr'>ecclesia</span> <span class='ocrx_word' id='word_1_480' title='bbox 1447 4674 1477 4735; x_wconf 94' lang='lat' dir='ltr'>S.</span> <span class='ocrx_word' id='word_1_481' title='bbox 1497 4674 1597 4735; x_wconf 91' lang='lat' dir='ltr'>Marci</span> 
     </span>
    </p>
   </div>
   <div class='ocr_carea' id='block_1_3' title="bbox 286 4828 1594 4978">
    <p class='ocr_par' dir='ltr' id='par_1_3' title="bbox 286 4828 1594 4978">
     <span class='ocr_line' id='line_1_49' title="bbox 358 4828 1594 4903; baseline -0.004 -15"><span class='ocrx_word' id='word_1_482' title='bbox 358 4832 378 4903; x_wconf 88' lang='lat'>¹)</span> <span class='ocrx_word' id='word_1_483' title='bbox 397 4831 442 4888; x_wconf 92' lang='lat' dir='ltr'>Cf.</span> <span class='ocrx_word' id='word_1_484' title='bbox 457 4833 493 4888; x_wconf 92' lang='lat' dir='ltr'>de</span> <span class='ocrx_word' id='word_1_485' title='bbox 506 4832 561 4887; x_wconf 87' lang='lat' dir='ltr'>Sac</span> <span class='ocrx_word' id='word_1_486' title='bbox 583 4830 767 4901; x_wconf 82' lang='lat' dir='ltr'>,Chrestom</span> <span class='ocrx_word' id='word_1_487' title='bbox 781 4831 867 4885; x_wconf 87' lang='lat' dir='ltr'>arabe</span> <span class='ocrx_word' id='word_1_488' title='bbox 880 4829 899 4895; x_wconf 93' lang='lat' dir='ltr'>I,</span> <span class='ocrx_word' id='word_1_489' title='bbox 919 4846 946 4900; x_wconf 93' lang='lat' dir='ltr'>p.</span> <span class='ocrx_word' id='word_1_490' title='bbox 958 4829 1028 4901; x_wconf 71' lang='lat'><em>4683</em></span> <span class='ocrx_word' id='word_1_491' title='bbox 1049 4828 1246 4900; x_wconf 78' lang='lat' dir='ltr'>Quatrernere,</span> <span class='ocrx_word' id='word_1_492' title='bbox 1259 4828 1377 4884; x_wconf 85' lang='lat' dir='ltr'>Makn&#39;zi</span> <span class='ocrx_word' id='word_1_493' title='bbox 1390 4829 1443 4900; x_wconf 83' lang='lat' dir='ltr'>IA,</span> <span class='ocrx_word' id='word_1_494' title='bbox 1463 4846 1489 4900; x_wconf 92' lang='lat' dir='ltr'>p.</span> <span class='ocrx_word' id='word_1_495' title='bbox 1509 4846 1594 4900; x_wconf 84' lang='lat'>114-</span> 
     </span>
     <span class='ocr_line' id='line_1_50' title="bbox 286 4903 774 4978; baseline -0.002 0"><span class='ocrx_word' id='word_1_496' title='bbox 286 4904 442 4978; x_wconf 77' lang='lat' dir='ltr'>115;11‚v·</span> <span class='ocrx_word' id='word_1_497' title='bbox 456 4919 524 4977; x_wconf 85' lang='lat'>271;</span> <span class='ocrx_word' id='word_1_498' title='bbox 571 4903 774 4978; x_wconf 72' lang='lat' dir='ltr'>evdtnnfi·</span> 
     </span>
    </p>
   </div>
   <div class='ocr_carea' id='block_1_4' title="bbox 0 0 1705 5400">
    <p class='ocr_par' dir='ltr' id='par_1_4' title="bbox 0 0 1705 5400">
     <span class='ocr_line' id='line_1_51' title="bbox 0 0 1705 5400; baseline 0 0"><span class='ocrx_word' id='word_1_499' title='bbox 0 0 1705 5400; x_wconf 95' lang='lat' dir='ltr'> </span> 
     </span>
    </p>
   </div>
  </div>
 </body>
</html>
