3398 5400
276 362 338 442 246
839 355 1014 428 Regesta

219 641 225 651 ,
273 579 433 641 dimidiam
461 595 492 638 et
517 598 613 659 prope
638 597 746 655 rugam
774 578 811 638 de
836 577 998 638 latitudine
1026 577 1090 639 VIII
1121 592 1148 637 et
1174 577 1346 637 dimidiam.
1373 611 1415 620 -—
1441 576 1578 637 Fratres:

274 669 424 729 Ricardus
440 667 658 742 thesaurarius,
681 667 757 728 Nun
775 667 1001 747 hospitalarius,
1026 666 1214 728 Guillelmus
1230 666 1369 743 Scarran,
1391 666 1579 728 Guillelmus

272 759 311 909 {lqe
330 757 494 924 Dortpibus,
513 758 621 818 Petrus
637 757 763 834 Parvus,
786 757 960 818 Bernartius
977 758 1015 817 de
1033 754 1157 816 Fabrica
1181 755 1274 832 (Paoli
1292 757 1313 836 l,
1331 775 1360 836 p.
1381 775 1579 904 000-290213,

304 866 333 908 o.
361 868 416 908 12.

317 944 424 1024 (1219
441 946 523 1027 Sept.
542 943 631 1023 init).
653 979 688 987 -
707 946 849 1021 Iacobus,
866 944 1032 1026 episcopus
1048 944 1248 1020 Acconensis,
1267 943 1411 1004 Honorio
1429 943 1465 1003 Ill
1483 963 1580 1024 papae

273 1034 692 1115 nuntiat,quaechristianiab
704 1055 712 1094 1
724 1034 737 1094 J
742 1053 794 1095 un.
804 1056 812 1093 1
822 1054 838 1094 2
849 1055 856 1094 1
866 1037 884 1094 8
893 1035 1035 1114 usquead
1042 1033 1281 1113 sequentisanni
1290 1051 1429 1093 mensem
1438 1032 1579 1113 Septem·

274 1125 335 1186 bris
352 1141 421 1186 anre
439 1124 612 1185 Damiaram
628 1139 791 1202 gesserunt
807 1124 966 1200 (Marteue,
983 1124 1135 1184 Thesaur.
1153 1123 1260 1183 anecd.
1277 1123 1325 1200 III,
1343 1142 1373 1203 p.
1387 1142 1577 1203 294-300;

274 1214 425 1275 Rohricht
443 1213 475 1274 in
490 1213 638 1274 Zeitschr.
657 1212 676 1273 f.
694 1213 936 1291 Kirchengesch.
955 1214 1045 1290 1892,
1064 1213 1120 1292 Ep.
1137 1213 1208 1289 Iac,
1226 1213 1286 1274 No.
1308 1212 1345 1291 5).
1509 1209 1580 1270 924

361 1356 380 1387 ,,
428 1312 507 1372 Νον.
531 1332 578 1372 11.
605 1310 771 1372 Damiatae.
795 1344 832 1353 -
860 1311 1045 1386 Rladulfus),
1072 1311 1240 1391 patriarcha
1265 1310 1579 1391 Hierosolymitanus,

271 1401 451 1477 Ilohannes)
469 1421 530 1476 rex,
555 1400 768 1478 (Eusrorgius),
792 1400 1041 1481 archiepiscopus
1065 1400 1269 1474 Nicosieusis,
1295 1399 1466 1478 Plelagius),
1491 1400 1579 1461 Sedis

273 1490 468 1571 Apostolicae
477 1490 605 1568 legatus,
614 1489 777 1565 Jlacobus),
790 1489 991 1563 Acconensis,
1003 1489 1189 1566 (Robertus),
1201 1488 1419 1559 Luceanensis,
1431 1489 1579 1570 episcopi,

271 1579 451 1660 Hospitalis,
462 1578 588 1659 Templi
605 1596 633 1639 er
645 1578 773 1640 fratrum
783 1578 1056 1640 Theutonicorum
1074 1579 1208 1656 magistri
1227 1598 1350 1639 necnon
1368 1578 1488 1639 nobiles
1503 1579 1579 1640 varii

274 1667 430 1729 christiani
447 1668 628 1729 Honorinm
640 1667 676 1728 Ill
687 1668 850 1729 certiorem
862 1668 986 1741 faciunt,
998 1667 1171 1729 Damiatam
1183 1668 1368 1729 miraculose
1378 1689 1395 1727 a
1406 1667 1579 1728 christianis

271 1774 389 1838 captam
421 1757 515 1819 fuisse
546 1757 703 1831 (Matiene
734 1773 763 1818 et
795 1757 935 1831 Durand,
970 1756 1116 1837 Ampliss.
1143 1757 1293 1818 Collecrio
1318 1758 1354 1831 V,
1384 1777 1413 1838 p.
1445 1777 1578 1837 1479-

279 1848 376 1926 148o;
409 1847 528 1908 Chron.
545 1845 697 1907 Tolosau.
716 1846 747 1906 in
766 1845 931 1918 Mittarelli,
949 1846 1139 1924 Accession,
1157 1866 1186 1927 p.
1211 1848 1321 1926 156-
1336 1848 1405 1925 158,
1423 1865 1448 1906 c.
1473 1847 1532 1907 160
1549 1861 1578 1906 et

273 1936 461 1997 Documenti
473 1936 503 1995 di
514 1935 607 1996 storia
618 1934 679 1996 ital.
688 1936 737 2011 VI,
750 1955 779 2017 p.
793 1937 983 2015 704—706;
1002 1936 1107 1996 Petrus
1118 1935 1280 2009 Blesensis,
1293 1936 1376 2016 Opp.
1388 1935 1435 1995 ed.
1446 1933 1533 1997 Giles
1544 1935 1578 2012 11,

271 2045 301 2105 p.
326 2045 506 2104 141—143,
524 2025 585 2085 Νο.
604 2044 682 2099 2003
707 2025 868 2102 Rubricht,
886 2024 1027 2097 Studien,
1046 2045 1074 2105 p.
1093 2026 1234 2104 43—46,
1252 2027 1313 2086 Νο.
1332 2026 1368 2097 6;
1386 2024 1424 2084 cf.
1442 2026 1521 2101 Rog.
1540 2025 1579 2085 de

272 2114 445 2175 Hovedene
463 2112 505 2192 [in
522 2115 668 2193 Bouquet
684 2112 802 2192 XVIII],
820 2135 849 2194 p.
867 2115 1037 2193 185—186
1056 2111 1095 2191 [et
1110 2115 1240 2175 Testim.
1253 2114 1339 2189 mim,
1352 2134 1381 2195 p.
1396 2112 1463 2192 51];
1482 2113 1577 2175 Walt.

271 2204 309 2264 de
326 2203 494 2265 Coventria
512 2203 546 2279 II,
565 2223 594 2284 p.
615 2223 805 2283 241—242;
839 2204 876 2264 cf.
894 2203 1013 2283 epistol.
1033 2203 1166 2263 Honorii
1187 2203 1218 2264 in
1236 2204 1373 2265 Martene
1391 2218 1420 2263 et
1437 2204 1578 2281 Durand,

271 2293 376 2374 Ampl.
394 2293 522 2354 Collect.
541 2293 577 2371 V,
603 2312 632 2373 p.
657 2294 753 2371 148o;
787 2293 904 2370 Migne,
928 2293 1011 2372 Opp.
1030 2293 1164 2353 Honorii
1188 2294 1236 2354 ed.
1255 2293 1364 2375 Horoy
1381 2292 1428 2369 111,
1453 2313 1483 2374 p.
1504 2313 1577 2373 379,

271 2383 331 2444 No.
351 2401 408 2462 733
434 2382 581 2461 Porthast,
599 2382 659 2442 No.
679 2384 781 2458 61883
807 2381 965 2456 Pressutti,
982 2383 1043 2442 No.
1063 2382 1168 2461 2307).
1507 2379 1578 2440 925

360 2534 378 2566 „
425 2490 461 2566 (c.
480 2491 559 2550 Nov.
582 2490 639 2569 15).
665 2488 852 2565 (Damiatae).
871 2523 914 2532 —-
931 2490 1142 2563 Hermannus,
1160 2489 1286 2551 fratrum
1303 2491 1578 2552 Theutonicorum

271 2579 425 2658 magister,
452 2578 582 2655 1100111),
609 2579 639 2640 S.
665 2578 776 2640 Crucis
801 2577 832 2638 in
859 2577 1027 2640 Jerusalem
1054 2579 1210 2649 cardinali,
1237 2580 1337 2657 refert,
1364 2602 1379 2640 a
1405 2580 1578 2641 christianis

270 2668 441 2729 Damiatam
459 2684 577 2749 captam
594 2683 624 2729 et
641 2668 799 2747 ingentem
820 2669 1001 2730 thesaurum
1025 2668 1140 2729 ibidem
1161 2684 1317 2750 repertum
1336 2670 1429 2730 fuisse
1446 2669 1577 2745 (Chion.

269 2758 307 2818 de
325 2757 452 2819 Mailros
468 2758 517 2818 ed.
535 2757 610 2835 Fell,
628 2777 657 2839 p.
677 2778 745 2835 197,
763 2758 811 2818 ed.
829 2759 1010 2839 Bannatyne
1027 2758 1109 2819 Club
1127 2759 1216 2837 1835,
1234 2778 1263 2838 p.
1282 2779 1468 2838 135—1373
1488 2760 1577 2820 Mon.

268 2848 374 2909 Germ.
388 2846 441 2908 SS.
454 2847 575 2921 XXVII,
588 2867 617 2927 p.
628 2848 822 2927 438—4393
840 2846 877 2907 cl.
890 2847 1009 2908 Chron.
1021 2846 1104 2923 regia
1115 2847 1240 2921 Goion,
1258 2867 1287 2929 p.
1302 2867 1362 2926 215
1383 2846 1476 2926 [Test.
1488 2848 1577 2922 min,

268 2956 297 3016 p.
314 2934 382 3015 152]
401 2951 430 2996 et
447 2936 608 3012 Rdhricht,
625 2936 767 3014 Studien,
784 2956 814 3017 p.
832 2937 885 3016 48,
903 2937 964 2996 No.
984 2935 1023 3013 8).
1508 2934 1579 2996 926

311 3044 322 3119 (
361 3088 380 3119 ,,
419 3042 453 3117 i).
472 3042 639 3104 Damiatae.
657 3076 701 3085 —
717 3043 885 3116 Iohannes,
897 3062 948 3103 rex
960 3043 1274 3124 Hierosolymiranus,
1290 3043 1435 3106 Luchino
1446 3045 1578 3122 Corsali,

267 3133 429 3193 mercatori
452 3132 609 3208 Ianuensi,
633 3131 762 3212 ejusque
784 3132 876 3193 sociis
893 3133 992 3193 varios
1012 3132 1117 3193 fideles
1133 3153 1208 3194 suos
1225 3133 1316 3193 mittit
1333 3149 1371 3210 et,
1388 3153 1421 3194 se
1438 3153 1495 3215 pro
1513 3134 1579 3194 istis

266 3222 443 3283 soluturum
461 3242 536 3295 esse,
562 3219 718 3301 pollicitus
743 3241 816 3282 eum
842 3238 938 3301 rogat,
967 3239 999 3282 ut
1024 3223 1061 3282 ad
1087 3222 1251 3283 solvendas
1275 3223 1330 3284 CC
1353 3242 1479 3299 marcas,
1496 3243 1577 3304 quae

267 3312 375 3372 cadant
393 3309 424 3370 in
436 3311 613 3391 proximum
625 3311 747 3390 pascha,
760 3329 873 3371 novam
884 3311 1065 3373 dilationem
1076 3312 1226 3373 concedat
1237 3331 1337 3392 usque
1348 3314 1385 3372 ad
1397 3312 1577 3392 proximum

268 3400 380 3461 festum
399 3399 553 3461 Omnium
571 3399 755 3460 Sanctorum
774 3400 809 3476 (E
825 3400 930 3461 codice
947 3401 1040 3461 Paris.
1060 3399 1108 3462 lat.
1133 3404 1253 3480 17803,
1273 3403 1334 3463 No.
1359 3404 1428 3479 180,
1448 3422 1507 3481 303
1527 3403 1575 3463 ed.

267 3490 393 3565 Lavoix,
412 3510 441 3569 p.
466 3509 499 3568 ¹3
519 3505 547 3549 et
564 3489 724 3565 Rhlrricht,
741 3489 881 3566 Studien,
897 3509 927 3570 p.
947 3492 988 3568 69
1000 3510 1102 3566 —70‚
1121 3491 1181 3551 Νο.
1199 3509 1259 3570 45ς
1291 3491 1329 3551 cf.
1349 3491 1462 3552 ibidem
1481 3491 1576 3571 praef.

270 3599 299 3660 p.
319 3578 432 3639 lv-v
451 3597 575 3638 necnon
599 3578 717 3637 chartas
740 3579 855 3639 similes
876 3578 949 3639 anni
974 3599 1053 3658 ¹247
1078 3579 1110 3639 in
1135 3580 1212 3640 Bibl.
1230 3580 1268 3640 de
1285 3580 1393 3641 I'e'cole
1411 3581 1441 3641 d.
1458 3581 1577 3641 chartes

273 3669 365 3745 1878,
383 3667 523 3746 XXXIX,
542 3687 571 3747 p.
595 3687 776 3747 raa—125,
794 3668 855 3729 No.
876 3669 981 3748 3-0).
1504 3666 1574 3728 927

309 3772 418 3853 (1220
435 3773 547 3843 Mart).
565 3808 608 3817 —
625 3774 767 3849 Iacobus,
792 3776 957 3857 episcopus
973 3776 1176 3849 Acconensis,
1193 3776 1310 3837 amicos
1326 3796 1400 3836 suos
1416 3792 1446 3837 et
1462 3778 1576 3838 Hono-

264 3866 347 3926 rium
371 3865 405 3924 III
430 3882 542 3945 papam
565 3863 710 3924 certiores
735 3865 805 3925 facit
830 3867 869 3926 de
896 3867 1010 3946 pugnis
1035 3884 1105 3926 ante
1133 3866 1304 3926 Damiatam
1333 3864 1416 3925 factis
1442 3865 1576 3947 ejusque

265 3955 406 4036 captione
418 3952 578 4033 (Bongars,
590 3954 683 4014 Gesta
695 3954 762 4031 Dei,
774 3976 803 4035 p.
820 3977 828 4016 1
843 3957 945 4035 146-
956 3978 962 4016 1
978 3975 1053 4034 t4o;
1071 3956 1207 4028 Gretser,
1220 3955 1264 4016 De
1276 3956 1377 4016 Cruce
1390 3953 1421 4015 in
1432 3956 1515 4037 Opp.
1528 3956 1575 4033 111,

265 4034 420 4117 mantissa,
438 4064 467 4124 p.
485 4044 627 4122 13-163
647 4043 795 4119 Martene,
812 4045 965 4106 Tlresaur.
983 4046 1090 4106 anecd.
1109 4045 1155 4117 III,
1167 4064 1197 4125 p.
1213 4045 1403 4125 301—-3063
1421 4045 1574 4106 Rtlhricht

266 4134 298 4195 in
315 4132 461 4195 Zeitschr.
480 4132 499 4194 f.
518 4133 758 4211 Xirchengesch.
784 4135 874 4212 1892,
891 4135 949 4214 Ep.
967 4137 1038 4211 Jac,
1056 4135 1117 4195 No.
1136 4135 1175 4210 6).
1504 4132 1574 4193 928

354 4276 373 4307 ,,
420 4233 509 4292 Mart.
534 4231 686 4292 Nicosiae.
704 4266 747 4275 —
764 4233 879 4315 Aeliys,
901 4233 1006 4313 regina
1024 4233 1121 4314 Cipri,
1146 4232 1322 4310 Eustorgim
1340 4232 1575 4314 archiepiscopo

266 4320 450 4399 Nicosieusi,
472 4321 598 4381 liberam
617 4321 794 4382 molituram
812 4322 844 4382 in
860 4322 1051 4384 molendinis
1067 4321 1158 4400 regiis
1174 4322 1317 4382 concedit
1333 4338 1362 4383 et
1378 4320 1481 4399 sigillo
1497 4342 1574 4383 con-

265 4409 376 4471 firmat.
394 4444 438 4453 -
455 4410 617 4492 Philippus
633 4411 671 4471 de
688 4410 844 4487 Ybellin0,
869 4411 991 4489 bajulus
1011 4412 1107 4492 Cipri,
1131 4410 1315 4487 Almaricus,
1325 4411 1344 4487 ¹)
1369 4411 1454 4493 Cipri
1472 4431 1574 4472 came-

266 4500 374 4576 rarius,
391 4497 581 4561 Guillelmus
597 4500 635 4560 de
652 4498 773 4575 Riveth,
798 4501 984 4564 laurentius
1000 4502 1038 4561 de
1057 4501 1171 4576 Morf0,
1190 4505 1333 4581 Arneyus
1345 4501 1367 4577 2)
1385 4502 1423 4561 de
1440 4499 1572 4579 Gibelet,

264 4589 439 4650 Balduinus
462 4589 500 4650 de
524 4589 634 4664 Nores‚
661 4588 849 4652 Guillelmus
866 4591 1039 4672 Raymonz.
1075 4592 1188 4651 Datum
1207 4609 1260 4669 per
1277 4609 1405 4650 manum
1427 4587 1544 4651 Radulf
1564 4639 1572 4663 ,

265 4678 436 4739 cancellarii
454 4677 541 4755 regni
557 4678 653 4759 Cypri
672 4676 728 4753 (De
747 4680 813 4740 Mas
829 4679 929 4740 Latris
947 4680 993 4757 III,
1011 4700 1040 4761 p.
1060 4681 1140 4753 611;
1163 4679 1200 4739 cf.
1219 4678 1367 4739 Archives
1384 4679 1422 4739 de
1440 4679 1574 4740 l'Orient

263 4766 339 4829 latin
355 4768 389 4845 ll,
407 4787 436 4848 p.
454 4766 537 4844 218).
1501 4766 1572 4827 929

336 4860 414 4998 ade
430 4859 563 4914 Bethsan.
657 4862 678 4926 ⁹)
698 4858 799 4915 Arneis
813 4859 849 4915 de
863 4858 974 4914 Gibelet
989 4859 1125 4930 (Eracles,
1139 4879 1164 4932 p.
1181 4876 1247 4934 3993
1271 4861 1372 4916 Gestes
1387 4861 1414 4915 d.
1428 4859 1572 4932 Chiprois‚

262 4948 290 4990 0.
308 4949 334 4987 ιι
372 4977 377 4989 .
