3398 5400
193 551 225 612 in
241 549 371 611 statione
388 564 458 609 ante
475 549 606 609 domum
625 547 766 609 Giliberti
782 548 820 608 de
837 547 991 626 Pinkigni,
1012 549 1166 609 Heuricus
1184 549 1214 609 iu
1232 568 1308 627 ruga
1325 548 1363 609 de
1380 548 1500 609 Laure-

192 659 259 701 mer
275 639 307 698 in
324 637 454 699 statione
466 637 616 714 Anselmi,
628 637 770 697 canonici
781 638 820 697 de
832 638 940 699 Monte
951 638 1028 699 Sion
1045 640 1083 699 de
1099 653 1187 714 terra,
1198 657 1279 718 quae
1290 652 1335 698 est
1346 637 1379 697 in
1390 637 1500 698 Monte

194 727 309 791 Gaudii
326 726 420 804 (Paoli
438 726 459 804 l,
477 745 505 806 p.
524 727 709 806 235—236,
727 726 787 787 No.
812 743 886 805 1903
911 726 948 788 cl.
967 747 996 809 p.
1018 727 1211 808 545-546).
1429 722 1500 784 483

241 841 331 903 1170
347 842 458 903 Octob.
473 840 663 904 20—1180.
675 873 719 886 -
731 840 906 903 Alexander
921 841 958 901 lll
974 840 1138 918 (Letardo),
1150 841 1384 923 archiepiscopo
1401 841 1501 902 Naza-

191 951 280 1010 ren0,
293 930 440 1010 (Radulfo
457 931 489 1009 1),
507 930 744 1009 Bethlemitauo,
756 930 888 1008 (loscio),
898 931 1085 1007 Acconensi,
1103 947 1132 992 et
1148 930 1326 1011 (Rainerio),
1341 929 1501 1010 Liddensi,

193 1021 354 1104 episcopis,
371 1020 506 1098 mandat,
523 1037 558 1081 ut
574 1021 763 1081 Palmaream
780 1020 923 1081 fratribus
947 1020 1065 1081 ordinis
1089 1019 1305 1082 Cluniacensis
1328 1021 1501 1081 concedant

194 1109 488 1189 (lade-thvenfeld,
506 1111 566 1171 No.
590 1130 623 1190 ¹3
639 1109 717 1190 5163
736 1110 773 1170 cf.
793 1110 920 1172 Ursmar
936 1110 1077 1187 Rerlie're,
1096 1130 1125 1191 p.
1137 1112 1329 1190 489—4903
1348 1109 1502 1170 Rbhricht

192 1200 226 1262 in
241 1200 358 1262 ZDPV.
376 1200 414 1278 X,
432 1218 461 1279 p.
482 1199 675 1277 207-208).
1429 1195 1501 1257 484

274 1361 293 1393 ,,
333 1317 413 1378 Νον.
437 1315 625 1377 19-1180,
643 1349 686 1360 -
705 1316 880 1378 Alexander
903 1315 940 1376 111
966 1316 1067 1392 (Petro
1083 1315 1128 1394 11),
1154 1314 1250 1396 priori
1276 1315 1307 1376 S.
1325 1312 1500 1395 Sepulchri,

194 1404 323 1486 ejusque
348 1406 577 1467 successoribus
600 1407 752 1482 concedit,
777 1422 811 1467 ut
835 1421 904 1487 post
927 1404 1175 1486 archiepiscopos
1196 1420 1225 1465 et
1240 1404 1405 1486 episcopos
1422 1403 1502 1464 inter

193 1498 316 1557 abbates
333 1512 361 1556 et
378 1496 496 1576 priores
512 1496 733 1576 patriarchatus
744 1493 1021 1577 Hierosolymitani
1036 1495 1173 1575 primum
1190 1495 1298 1555 locum
1314 1493 1347 1554 in
1363 1511 1501 1554 conven-

194 1585 276 1647 tibus
292 1600 321 1645 et
338 1584 447 1646 officiis
464 1583 608 1646 ecclesiae
631 1601 755 1646 teneant
778 1585 928 1661 (Roziere,
953 1602 983 1664 p.
1003 1603 1201 1662 270-271,
1226 1584 1286 1645 Νο.
1310 1601 1385 1661 ¹473
1410 1581 1501 1642 Jaffe'-

193 1673 387 1752 waenleld,
406 1674 466 1735 No.
490 1694 524 1755 13
539 1673 621 1755 524).
1431 1667 1502 1730 485

276 1835 295 1867 ,,
335 1790 414 1851 Νον.
439 1788 625 1870 13-1180.
648 1825 693 1833 -
716 1790 800 1851 ldem
817 1789 978 1850 abbatibus
999 1787 1201 1866 (Raimundo)
1218 1788 1343 1868 Templi
1361 1787 1501 1867 Domini,

194 1880 387 1958 (Rainnldoil
404 1879 443 1940 de
460 1881 569 1942 Monte
586 1880 673 1958 Sion,
698 1880 799 1955 [Petro
817 1878 869 1956 11.»
891 1879 929 1939 de
946 1878 1022 1938 valle
1045 1878 1191 1959 Josaphat
1213 1892 1242 1937 et
1264 1877 1359 1959 priori
1383 1876 1502 1940 Montis

194 1968 306 2031 Oliveti
324 1968 480 2050 praecipit,
506 1984 540 2030 ut
555 1970 588 2030 in
605 1968 777 2051 praecipuis
793 1967 1063 2049 solempnitatibus
1087 1967 1294 2045 ecclesiarum,
1310 1966 1335 2027 si
1353 1966 1431 2028 forte
1447 1987 1502 2048 pa·

194 2059 322 2120 triarcha
339 2057 644 2139 Hierosolymiranus
658 2059 736 2119 absit
752 2057 798 2118 vel
815 2071 960 2135 aegrotet,
978 2057 1025 2117 vel
1041 2056 1065 2118 si
1083 2056 1208 2117 ecclesia
1219 2055 1503 2137 Hierosolymirana

195 2148 352 2225 vacaverit,
365 2147 500 2227 priorem
510 2145 650 2225 ejusdem
659 2147 803 2208 ecclesiae
812 2166 884 2207 cum
893 2145 1082 2207 fratribusad
1090 2144 1503 2226 solemnemprocessionem

196 2237 343 2318 recipiant
359 2250 388 2296 et
404 2236 437 2296 in
453 2236 588 2297 ecclesiis
602 2236 776 2297 solemnem
793 2235 918 2296 missam
934 2236 998 2296 vice
1014 2235 1202 2317 patriarchae
1223 2254 1277 2295 eos
1294 2248 1416 2295 cantare
1433 2253 1502 2316 per-

194 2326 341 2403 mittant¹)
351 2324 501 2403 (Roziere,
512 2346 542 2407 p.
555 2328 738 2405 269—270,
750 2326 811 2387 Νο.
828 2326 885 2405 146
897 2341 904 2397 ;
921 2324 1205 2402 Jalie-waenfeld,
1216 2324 1276 2386 No.
1286 2343 1320 2403 ¹3
1333 2325 1415 2404 525).
1433 2320 1503 2382 486

270 2438 290 2501 ¹)
310 2433 355 2488 Cf.
369 2451 454 2506 supra
468 2433 523 2489 No.
539 2451 599 2508 323,
610 2453 672 2504 444

244 2545 329 2609 1171
351 2548 440 2609 Febr.
457 2567 488 2627 4,
515 2548 570 2608 iud
587 2547 634 2608 lll.
660 2547 896 2628 Hierosolymis.
913 2581 957 2590 —
975 2546 1148 2608 Amalricus
1165 2546 1186 2623 l,
1207 2566 1258 2607 rex
1275 2545 1502 2627 Hierosolymi-

195 2655 297 2715 tanus,
314 2637 424 2699 domui
442 2637 472 2698 S.
491 2637 594 2698 Lazari
612 2637 650 2697 de
666 2636 835 2698 Jerusalem
852 2634 933 2713 juxta
950 2655 1058 2697 muros
1081 2635 1155 2697 sitae
1171 2635 1281 2697 LXXII
1298 2634 1447 2696 bisantios
1464 2635 1502 2696 de

195 2743 283 2809 porta
294 2726 392 2788 David
409 2727 571 2787 annuatim
589 2725 782 2807 recipiendos
799 2726 895 2787 donat
911 2741 940 2786 et
955 2724 1058 2804 sigillo
1073 2724 1246 2802 confirmat,
1257 2743 1396 2805 quorum
1413 2724 1502 2785 Lde·

196 2817 359 2896 signantur
383 2836 440 2898 pro
464 2816 595 2895 singulis
620 2815 750 2896 leprosis
775 2817 813 2876 ab
838 2834 908 2893 rege
935 2814 1170 2891 constituendis,
1195 2815 1222 2875 x
1245 2814 1277 2874 in
1300 2814 1503 2875 elemosinam

196 2907 422 2983 conceduntur,
447 2924 528 2985 quos
551 2904 624 2965 Odo
641 2905 680 2966 de
697 2904 728 2966 S.
746 2905 892 2966 Amando
915 2904 958 2964 eis
981 2904 1106 2965 dederat
1129 2906 1167 2965 de
1183 2903 1288 2965 assisia
1305 2902 1504 2984 pincernatus

196 2996 282 3076 regii,
300 3011 328 3056 et
344 2994 399 3055 llll
416 3013 473 3076 pro
489 2996 586 3055 domo
603 3013 700 3076 prope
717 2994 883 3054 macellum
893 2993 1121 3075 Hierosolymis
1137 2994 1203 3066 sita,
1215 3012 1310 3073 quam
1327 2992 1391 3072 regi
1408 2992 1503 3053 dede-

197 3100 279 3146 runt.
306 3117 349 3128 —
376 3083 554 3145 Hanfredus
585 3082 841 3159 constabularius,
874 3082 1044 3143 Rainaldus
1075 3082 1290 3164 Sydoniensis,
1323 3081 1504 3142 Willelmus

197 3173 403 3250 marescallus,
421 3171 498 3234 Milo
515 3172 643 3254 dapifer,
660 3172 806 3234 Giraldus
822 3173 860 3232 de
876 3172 963 3251 Pogi,
975 3171 1148 3233 Amalricus
1159 3173 1197 3232 de
1208 3171 1322 3248 Franli,
1333 3170 1505 3232 Anselmus

197 3263 236 3324 de
252 3262 386 3342 Brigida,
411 3260 555 3324 Roardus
571 3262 609 3322 de
625 3263 734 3343 loppe,
759 3261 933 3338 barisanus,
951 3261 1043 3321 frater
1059 3259 1135 3339 ejus,
1159 3261 1317 3322 lohannes
1333 3261 1372 3321 de
1389 3258 1504 3321 Valen-

197 3351 284 3430 cinis,
302 3351 402 3412 Adam
420 3350 525 3430 Niger,
542 3351 650 3428 Fulco,
663 3350 753 3412 frater
769 3349 844 3429 ejus.
870 3351 984 3411 Datum
1001 3369 1056 3431 per
1072 3369 1202 3411 manum
1213 3349 1348 3429 Radulsr,
1366 3348 1504 3431 episcopi

197 3440 432 3502 Bethleemitani
450 3440 593 3520 regisque
611 3440 781 3501 cancellarii
799 3439 957 3515 (Archives
973 3441 1012 3500 de
1029 3438 1161 3500 l'Orient
1176 3439 1251 3501 latin
1267 3439 1290 3499 ll
1299 3439 1334 3516 B,
1352 3459 1382 3520 p.
1400 3458 1505 3518 144—

203 3550 272 3610 145,
289 3531 351 3593 No.
372 3549 428 3604 27;
454 3528 492 3590 31.
510 3529 662 3607 Cibrario,
680 3549 709 3610 p.
730 3531 808 3610 236;
835 3529 981 3606 Ferrand,
1000 3549 1029 3610 p.
1050 3532 1110 3608 31).
1433 3524 1503 3587 487

280 3694 298 3725 ,,
338 3648 427 3709 Mart.
452 3667 497 3726 14,
522 3646 585 3707 ind.
603 3646 652 3708 lV.
676 3647 808 3728 Tripoli.
826 3680 869 3690 —
886 3646 1061 3708 Amalricus
1078 3646 1097 3723 l,
1121 3665 1172 3706 rex
1189 3645 1505 3727 Hierosolymitanus,

197 3737 369 3816 Surianols)
379 3736 418 3797 de
428 3736 558 3797 Turcho
569 3736 682 3797 scilicet
692 3737 730 3797 de
742 3736 832 3796 casali
844 3735 874 3797 S.
885 3735 1047 3816 Sepulchri
1065 3755 1239 3815 eorumque
1256 3734 1384 3795 heredes
1402 3756 1418 3796 a
1435 3735 1505 3796 red·

198 3828 313 3888 ditibus
329 3827 367 3887 ad
384 3841 505 3907 portam
517 3825 616 3886 David
632 3826 789 3887 solvendis
805 3826 918 3887 liberos
934 3845 1000 3886 esse
1016 3825 1117 3905 sigillo
1134 3845 1194 3886 suo
1210 3825 1351 3886 declarat.
1362 3858 1406 3867 —
1416 3825 1505 3885 Hau-

198 3917 296 3978 lridus
319 3914 574 3991 constabularius,
602 3914 680 3976 Milo
703 3915 741 3975 de
766 3915 857 3993 Placi,
880 3914 1046 3975 Rohardus
1069 3915 1261 3991 castellanus,
1279 3914 1450 3975 Anselmus
1466 3914 1505 3975 de

198 4007 304 4086 Passu,
331 4003 438 4067 Guido
461 4005 499 4066 de
524 4004 680 4082 Maneriis,
706 4004 863 4066 lohannes
886 4005 924 4065 de
941 4003 1129 4080 Valancinis,
1152 4005 1254 4064 Adam
1276 4003 1382 4083 Niger,
1406 4002 1504 4065 Fulco

199 4095 304 4173 Niger,
318 4093 490 4155 amalricus
506 4094 544 4154 de
562 4091 697 4171 Franliu,
708 4093 847 4154 Thomas
864 4093 1022 4169 Patricius,
1033 4093 1184 4154 Girardus
1194 4091 1339 4171 Passerel,
1351 4091 1505 4153 Arnulfus

198 4184 380 4260 vicecomes,
401 4182 585 4261 Amalricus,
610 4182 692 4243 filius
708 4181 784 4260 ejus,
809 4182 964 4244 Robertus
981 4182 1019 4242 de
1036 4182 1177 4261 Pinkeni,
1202 4182 1359 4244 Gilbertus
1376 4182 1414 4242 de
1431 4181 1504 4242 Pin-

199 4273 279 4352 lreni,
288 4270 467 4333 Willelmus
477 4272 691 4352 Normannus,
701 4271 1007 4345 HerbertusTortus,
1018 4272 1196 4333 Willelmus
1206 4272 1369 4332 Patronus.
1388 4271 1504 4332 Datum

198 4382 254 4444 per
270 4381 399 4423 manum
417 4360 552 4438 Radulfi,
569 4361 706 4443 episcopi
722 4362 881 4422 Bethleem
898 4361 1041 4441 regisque
1058 4361 1218 4422 cancellari
1235 4360 1386 4438 (Roziere,
1398 4379 1428 4441 p.
1442 4360 1504 4439 328

200 4472 319 4534 -329,
330 4451 476 4530 No.184;
491 4451 608 4531 Migne,
619 4471 799 4533 p.1259—r
809 4452 882 4527 260,
892 4452 950 4512 No.
961 4452 1034 4530 1843
1047 4450 1084 4512 cf.
1095 4450 1282 4527 Wautersll,
1292 4468 1322 4530 p.
1336 4450 1419 4530 519).
1434 4445 1505 4508 488

281 4611 299 4643 ,,
345 4566 416 4627 11111.
440 4585 474 4645 13
493 4562 756 4645 (1204-1214).
789 4569 905 4625 Accon.
930 4598 972 4608 -
990 4563 1143 4644 Albertus,
1166 4564 1336 4646 patriarcha
1352 4563 1505 4626 Hieroso-

198 4655 377 4738 lymitanus,
386 4654 405 4732 ¹)
415 4655 571 4716 Brocardo
587 4670 616 4715 et
633 4654 741 4715 ceteris
757 4652 900 4733 eremitis,
911 4654 965 4734 qui
982 4655 1041 4715 sub
1057 4652 1198 4732 ejusdem
1209 4652 1407 4715 oboedientia
1422 4651 1507 4733 juxta

275 4813 295 4878 ¹)
308 4810 352 4864 De
361 4827 420 4881 quo
429 4813 525 4879 (antea
536 4807 863 4880 episcopoVercellensi)
873 4807 907 4863 cs.
916 4809 1027 4863 ZDPV.
1036 4809 1070 4878 X,
1078 4825 1105 4879 p.
1114 4806 1199 4880 8-93
1212 4808 1355 4878 Potthast,
1363 4808 1419 4864 No.
1428 4806 1507 4879 2418,

199 4883 374 4954 2419,2564,
389 4881 574 4956 2637-2643,
588 4898 758 4954 2731,2755,
772 4898 851 4952 2999,
864 4880 942 4952 2998,
957 4881 1034 4955 9265,
1049 4879 1126 4952 9296,
1140 4897 1218 4952 9919
1232 4879 1310 4952 9148,
1321 4897 1507 4955 9434-9459
