3398 5400
286 342 344 420 148
845 328 1020 405 Begesta

1346 424 1586 432 --.-.-.-

281 554 318 616 III
334 553 430 614 millia
447 552 601 614 listrarum
619 552 681 613 vini
698 552 737 613 ad
754 550 784 613 S.
797 552 987 633 Symeonem
1002 552 1190 633 quibusdam
1202 551 1435 612 conditionibus
1445 550 1591 611 concedit

281 661 309 704 et
326 644 427 722 sigillo
445 641 616 703 confirmat.
634 676 676 685 -
694 641 866 702 Rainaldus
882 641 920 702 de
938 642 1065 720 Margat,
1082 640 1350 719 Bartholomaeus,
1362 638 1445 701 filius
1455 639 1589 719 comitis,

281 731 477 804 Guillelmus,
487 730 688 792 marescalcus
697 730 888 808 Antiochiae,
900 731 1007 792 Petrus
1018 732 1055 791 de
1064 735 1161 805 Asart,
1170 730 1333 792 Richerius
1344 730 1381 791 de
1392 729 1561 806 Lerminat,
1570 729 1589 805 ¹)

282 823 442 903 Philippus
459 823 497 881 de
514 821 617 901 Logis,
640 821 776 883 Garinus
793 819 986 900 Guengnart,
1012 820 1119 882 Guido
1142 819 1266 896 Falsarr,
1290 820 1445 898 Rogerius
1462 817 1588 895 Corbel,

281 911 401 993 Symon
427 911 592 992 Burgevin.
641 910 755 971 Datum
786 928 840 990 per
865 928 994 970 manum
1020 909 1169 971 Johannis
1195 909 1366 971 cancellarii
1396 908 1590 991 principatus

281 1001 458 1062 Boamundi
475 1020 559 1061 anno
576 1000 632 1061 XV
650 999 810 1077 (Strehlke,
829 1019 858 1080 p.
882 1019 928 1078 ιο,
947 1000 1007 1059 Νο.
1026 999 1065 1077 9).
1517 995 1588 1057 555

356 1106 376 1168 ¹)
389 1100 465 1155 Alias
480 1101 510 1154 R.
525 1100 571 1155 deI
585 1099 722 1169 Erminet,
737 1099 772 1154 de
786 1098 933 1154 Lerminat
947 1099 1083 1166 (Eracles,
1096 1116 1122 1169 p.
1138 1097 1287 1170 207—208,
1301 1100 1373 1168 214).

329 1191 420 1254 1178
436 1194 533 1276 ApriI.
558 1214 582 1270 1,
608 1194 671 1255 ind.
690 1193 740 1255 XI.
765 1193 943 1255 Jerusalem.
960 1226 1004 1236 -
1025 1191 1198 1253 Balduinus
1214 1192 1265 1270 IV,
1290 1212 1341 1253 rex
1358 1191 1588 1274 Hierosolymi-

280 1300 380 1363 tanus,
398 1284 487 1345 Petro
504 1284 542 1344 de
558 1284 688 1344 Creseca
704 1284 790 1344 XXX
805 1281 958 1363 quintaria
974 1280 1147 1342 vindemiae
1163 1301 1237 1342 suae
1254 1282 1292 1342 de
1308 1281 1461 1343 territorio
1477 1282 1589 1343 Bethe-

281 1390 375 1436 cartas
386 1389 414 1434 et
426 1374 590 1433 Ramessae
607 1389 635 1433 et
651 1373 820 1452 guastinae,
832 1390 911 1451 quae
923 1370 1117 1432 Sarracenice
1128 1387 1254 1432 vocatur
1263 1371 1389 1450 Theire,
1405 1371 1497 1432 latine
1516 1390 1589 1432 vero

281 1464 377 1524 casale
388 1462 531 1525 Gaufridi
549 1463 586 1523 de
603 1463 709 1540 Portu,
726 1462 868 1523 concedit
885 1476 913 1521 et
929 1460 1030 1539 sigillo
1048 1459 1219 1521 confirmat.
1237 1494 1279 1503 —
1297 1459 1478 1537 Rainaldus,
1495 1462 1589 1521 abbas

281 1552 425 1614 ecclesiae
444 1551 560 1612 Montis
584 1551 670 1629 Sion,
693 1551 848 1629 Balianus,
871 1550 1052 1611 castellanus
1077 1549 1391 1631 Hierosolymitanus,
1409 1549 1589 1612 WilIeImus

281 1644 416 1715 Parrum,
430 1641 607 1702 Willelmus
624 1641 781 1719 Beraldus,
799 1640 956 1702 Iohannes
972 1639 1091 1715 Briccii,
1108 1639 1262 1700 Radullus
1273 1638 1453 1716 Raimundi,
1466 1638 1588 1700 Willel-

282 1751 352 1792 mus
365 1731 475 1804 Pontii,
487 1731 607 1812 Symon
623 1729 726 1809 judex,
738 1730 892 1793 Galterius
904 1729 1044 1809 Malpini.
1062 1728 1178 1789 Datum
1189 1729 1381 1789 Jherusalem
1392 1749 1447 1810 per
1456 1748 1588 1790 manum

282 1820 599 1901 WiIIeImi,Tyrensis
610 1818 832 1902 archiepiscopi
843 1819 986 1899 regisque
998 1817 1167 1879 cancellarii
1180 1817 1273 1894 lPaoIi
1285 1819 1304 1897 I,
1315 1839 1343 1899 p.
1354 1821 1427 1897 248,
1437 1819 1498 1879 Νο.
1511 1819 1587 1892 2063

281 1911 318 1971 cf.
337 1910 409 1970 Lois
427 1908 485 1988 [ed.
503 1907 655 1988 Beugnot]
674 1910 694 1986 I,
711 1929 741 1990 p.
760 1929 825 1988 404
842 1908 927 1985 not.)
1518 1904 1589 1966 556

363 2063 381 2094 „
429 2017 538 2097 April,
564 2017 629 2077 ind.
647 2016 696 2077 XI.
729 2016 885 2078 Panormi.
911 2048 955 2058 —·
980 2013 1189 2092 Wlillelmus),
1212 2034 1264 2076 rex
1288 2014 1418 2094 Siciliae,
1444 2015 1589 2097 precibus

282 2107 361 2167 Petri
384 2106 495 2186 prioris
519 2105 549 2167 S.
568 2104 741 2186 Sepulchro
758 2124 869 2166 omnes
886 2104 1096 2185 possessiones
1120 2104 1205 2182 regni
1229 2103 1277 2164 sui
1300 2104 1403 2185 sigillo
1425 2103 1590 2166 confirmat

282 2196 433 2273 (Boziere,
452 2216 481 2276 p.
502 2213 685 2274 309-310,
703 2196 764 2255 No,
788 2214 863 2269 1713
890 2194 1006 2272 Migne,
1025 2213 1053 2275 p.
1078 2213 1168 2273 1250,
1185 2193 1246 2254 No.
1271 2194 1349 2272 171).
1517 2191 1586 2254 557

364 2348 382 2378 ,,
431 2301 501 2380 Maj.
533 2336 576 2345 -
608 2303 770 2381 Rogerius,
802 2302 971 2383 Hospitalis
1003 2301 1155 2380 magister,
1181 2301 1341 2362 Willelmo
1367 2301 1524 2382 Baptizato
1550 2303 1588 2362 de

281 2392 418 2454 Blancha
435 2392 585 2453 Custodia
601 2406 631 2452 et
649 2392 737 2452 uxori
754 2390 820 2469 ejus
836 2392 995 2453 Johannae
1013 2392 1124 2452 domos
1140 2391 1301 2471 quasdam,
1319 2411 1429 2471 quasa
1445 2392 1589 2452 Johanne

282 2482 306 2543 F
309 2481 422 2543 uIcone
439 2497 469 2542 et
486 2479 551 2559 eius
570 2500 664 2542 uxore
681 2480 763 2543 Gilia
778 2480 889 2543 XCVII
906 2479 1041 2541 bisantiis
1058 2495 1210 2559 emerunt,
1233 2479 1319 2540 salvo
1343 2500 1438 2541 censu
1461 2480 1588 2541 annuali

282 2572 293 2632 I
310 2570 433 2633 bisantii
457 2570 558 2650 sigillo
581 2569 752 2632 coufirmat.
786 2570 851 2631 Hae
868 2590 941 2630 vero
959 2570 1073 2631 domus
1089 2569 1121 2630 in
1138 2569 1205 2631 vico
1222 2568 1350 2630 Belcarii
1373 2568 1455 2647 juxta
1479 2589 1588 2632 muros

282 2661 408 2721 civitatis
432 2680 530 2741 prope
554 2661 675 2721 Portam
698 2660 819 2720 Novam
844 2659 916 2720 sitae
933 2661 971 2719 ab
988 2659 1105 2720 oriente
1125 2657 1264 2737 adjacent
1286 2659 1395 2720 domui
1413 2658 1554 2736 Gerardi,
1571 2680 1588 2719 a

281 2750 490 2830 septentrione
513 2750 623 2810 domui
647 2749 772 2811 Galterii
797 2750 834 2809 de
858 2748 1036 2810 BetinubiIo
1059 2765 1088 2809 et
1108 2748 1290 2809 dividuntur
1306 2750 1343 2808 ab
1359 2748 1512 2829 Hospitali
1529 2749 1587 2826 via,

282 2859 342 2919 qua
361 2840 451 2900 itura
468 2858 580 2918 magna
596 2839 643 2899 via
660 2858 766 2899 versus
782 2839 944 2900 orientem.
961 2871 1006 2881 -
1022 2838 1149 2898 Factum
1166 2837 1321 2898 BaIduino
1337 2836 1376 2897 IV
1387 2857 1468 2916 rege,
1481 2838 1588 2898 Amal-

281 2929 345 2989 rico
362 2928 540 3009 patriarcha.
567 2928 613 2988 De
631 2928 789 2989 fratribus:
807 2927 1007 2989 Raimundus
1023 2928 1061 2987 de
1085 2926 1115 2988 S.
1134 2927 1284 2988 Michaele
1302 2943 1490 3008 praeceptor,
1508 2927 1588 2989 Gof-

282 3018 379 3079 fridus
396 3017 613 3092 thesaurarius,
637 3018 814 3098 Stephanus
830 3016 1056 3099 hospitalarius,
1081 3017 1300 3088 Godescalcus,
1323 3033 1426 3077 custos
1442 3016 1588 3077 elemosi-

282 3126 409 3181 narum;
428 3108 466 3167 de
483 3106 566 3167 curia
583 3106 882 3188 Hierosolymitana:
903 3106 1058 3183 Balianus,
1076 3107 1179 3184 regius
1196 3105 1388 3183 castellanus,
1407 3104 1588 3168 Guillaume

281 3196 412 3271 Beraldi,
430 3195 618 3259 Guillelmus
636 3196 736 3273 Patrii,
762 3195 933 3256 Huldricus
949 3195 1133 3277 Baptizatus,
1157 3196 1314 3256 Iohannes
1330 3195 1431 3273 Bricii,
1455 3195 1588 3257 GuiIIel-

282 3306 352 3346 mus
369 3287 406 3346 de
425 3286 519 3362 Ponz,
546 3284 698 3346 Amulius
715 3286 753 3346 de
775 3286 888 3347 Blanca
912 3285 1071 3362 Custodia,
1098 3285 1253 3345 Robertus
1279 3285 1383 3363 Niger,
1410 3285 1588 3346 Bernardus

281 3377 379 3436 Proet.
393 3376 508 3436 Datum
519 3393 573 3455 per
583 3393 714 3436 manum
726 3375 824 3435 fratris
833 3375 947 3451 Jacobi,
960 3374 1096 3435 custodis
1106 3374 1253 3435 asinariae
1265 3374 1423 3450 (Delaville
1434 3375 1461 3435 Ie
1474 3374 1589 3451 Roulx,

281 3485 310 3546 p.
335 3472 514 3545 130-137,
533 3465 593 3524 Νο.
611 3484 652 3542 47
672 3462 719 3543 [cf.
738 3483 767 3544 p.
788 3464 854 3541 20);
880 3464 980 3541 Prutz,
998 3483 1027 3544 p.
1052 3484 1232 3543 112—113,
1250 3465 1310 3524 No.
1328 3464 1391 3542 40).
1516 3460 1587 3523 558

362 3618 380 3648 „
428 3570 510 3648 (Mai.
521 3572 568 3648 c),
578 3571 699 3632 ind.XI.
708 3572 917 3632 —Johannes
929 3570 1026 3633 Fulco
1035 3591 1191 3633 consensu
1203 3570 1305 3634 Gislae
1316 3570 1586 3634 uxorisWilIeImo

279 3661 437 3742 Baptizato
458 3662 496 3721 de
513 3659 626 3721 Blanca
643 3661 745 3723 Garda
762 3661 786 3722 II
802 3663 925 3739 domos,
950 3680 1039 3740 quae,
1064 3663 1198 3741 quadam
1215 3661 1262 3721 via
1279 3661 1445 3735 mediante,
1469 3681 1485 3720 a
1501 3676 1588 3742 parte

280 3750 406 3811 orientis
429 3750 467 3810 ad
487 3750 610 3810 Portam
634 3751 756 3810 Novam
779 3750 817 3810 de
842 3749 984 3831 Balcayra
1007 3768 1145 3811 vocatam
1171 3751 1244 3811 sirae
1270 3766 1353 3829 sunt,
1379 3749 1464 3811 salvo
1490 3768 1586 3811 censu

280 3838 449 3920 Hospitalis
466 3839 582 3900 scilicet
598 3839 609 3900 I
625 3839 756 3916 bisantii,
781 3839 892 3901 XCVII
910 3839 1046 3900 bisantiis
1063 3840 1184 3914 vendit;
1212 3840 1324 3900 harum
1339 3859 1414 3900 vero
1431 3841 1587 3902 domuum

280 3929 364 4010 prior
381 3927 520 4007 iungitur
535 3930 573 3989 ab
590 3928 729 3989 orientali
748 3943 831 4009 parte
853 3929 961 3990 domui
978 3929 1109 4007 Girardi,
1133 3951 1149 3990 a
1166 3929 1362 3990 meridionali
1385 3945 1469 4011 parte
1493 3947 1587 3990 muro

279 4018 415 4095 civitatis,
432 4016 525 4079 altera
542 4039 558 4078 a
575 4033 658 4098 parte
675 4018 894 4098 septentrionis
911 4019 1020 4079 domui
1031 4018 1158 4082 Galterii
1175 4020 1213 4080 de
1230 4019 1411 4080 Betenuble.
1427 4052 1471 4062 —
1488 4018 1587 4079 Balia-

280 4127 349 4184 nus,
359 4106 542 4169 casteIIanus
552 4106 867 4188 Hierosolymitanus,
876 4107 1029 4169 Amulius
1038 4109 1076 4170 de
1087 4108 1305 4188 Blancagarda,
1317 4109 1472 4169 Robertus
1481 4109 1587 4187 Niger,

279 4196 423 4277 magister
446 4197 632 4273 Bernardus,
650 4195 829 4258 Willelmus
852 4196 1011 4273 Beraldus,
1036 4198 1214 4260 WiIIelmus
1237 4199 1378 4275 Patruus,
1402 4198 1587 4259 Lambertus

279 4286 461 4361 Patriarcha,
478 4285 649 4347 Gaufridus
665 4286 846 4363 Bocherius,
873 4287 1017 4348 Uldricus
1033 4288 1218 4368 Baptizatus,
1240 4287 1417 4349 Willelmus
1434 4288 1472 4347 de
1489 4288 1585 4348 Ponz.

279 4374 406 4436 Factum
423 4374 509 4453 jussu
526 4375 643 4436 Baliaui
660 4375 814 4436 castellani
832 4390 862 4436 et
878 4374 1048 4454 juratorum
1074 4376 1233 4453 (Delaville
1250 4377 1278 4438 le
1296 4376 1409 4455 Roqu,
1427 4396 1457 4457 p.
1482 4396 1587 4457 135—

284 4467 353 4544 136,
372 4467 432 4526 No.
450 4466 492 4542 46
511 4462 558 4544 [cf.
577 4485 606 4545 p.
627 4462 696 4544 20];
721 4466 823 4541 Prutz,
840 4485 870 4546 p.
895 4486 964 4545 114,
982 4467 1041 4527 No.
1060 4466 1123 4546 42).
1515 4464 1587 4525 559

360 4618 379 4647 ,,
425 4577 506 4650 Aug.
527 4591 576 4650 31·
596 4607 635 4615 -
654 4571 825 4633 Rainaldus
842 4573 879 4632 de
898 4573 1016 4652 Margat
1030 4573 1049 4650 ¹)
1071 4593 1227 4635 consensu
1245 4574 1299 4635 filii
1315 4574 1363 4634 sui
1380 4574 1540 4635 Bertrandi
1557 4591 1587 4636 et

278 4661 455 4721 Boamundi
472 4660 510 4721 III
527 4662 673 4743 principis
690 4661 843 4742 Hospitali
860 4677 889 4722 et
906 4661 1042 4742 Rogerio
1060 4664 1097 4723 de
1116 4663 1241 4743 Molins,
1266 4662 1406 4741 ejusdem
1427 4664 1585 4744 magistro,

278 4769 333 4831 per
350 4769 479 4811 manum
497 4750 594 4811 fratris
611 4751 763 4832 Nycholai
780 4752 818 4812 de
836 4751 965 4813 Guzana
982 4752 1126 4831 (Gosanz)
1150 4752 1246 4814 casale
1263 4753 1389 4814 Bearida
1402 4753 1424 4830 ²)
1444 4754 1587 4816 concedit

353 4887 371 4958 ¹)
390 4886 456 4943 Sive
470 4887 628 4942 Masuerius
643 4888 671 4941 II.
747 4890 767 4958 9)
787 4907 814 4961 p.
833 4887 881 4963 138
894 4887 921 4943 in
936 4888 1041 4945 dorso:
1054 4890 1180 4945 Beaune.
