3398 5400
762 323 936 394 Regesta

281 573 299 604 „
346 526 419 586 Dec.
442 527 478 588 18
496 531 611 587 Accon.
628 558 670 568 *-
686 524 800 586 Charta
817 525 942 602 Alberti,
958 524 1147 608 patriarchae
1164 525 1451 610 Hierosolymitani,
1467 529 1498 589 in

194 615 229 676 D.
245 614 330 677 Cart.
349 615 383 692 ll,
402 637 431 697 p.
449 616 588 692 78—79,
605 616 664 676 No.
688 618 786 688 1276;
803 615 919 679 invent.
935 635 964 695 p.
982 617 1033 692 80,
1050 616 1109 676 Νο.
1127 617 1210 696 angl.
1432 610 1503 676 82⁴

242 714 479 781 1207-1208.
497 753 539 761 -—
556 720 602 782 De
616 721 742 781 »Monte
752 718 858 783 Ceffa«
872 720 904 781 in
914 718 1074 803 privilegio
1085 736 1194 783 vocato
1205 719 1337 802 ejusque
1347 722 1408 783 situ
1419 742 1503 784 nunc

193 810 418 871 accuratissime
442 809 584 871 disseruit
601 811 672 870 Max
688 830 749 871 van
765 808 915 872 Berchem
938 809 971 871 in
993 808 1097 871 Jornal
1113 809 1195 872 asiat.
1224 829 1302 890 rona
1326 802 1402 887 'imai
1417 810 1503 890 juin),

194 920 223 981 a·
239 919 423 979 429-433·
1432 898 1502 960 82⁶

243 1003 333 1065 1208
349 1026 379 1083 9.
396 1006 462 1066 lan.
487 1006 606 1066 Romae
629 1005 713 1085 apud
729 1004 760 1066 S.
777 1006 911 1066 Petrum.
927 1032 971 1047 -
987 1005 1186 1067 Innocentius
1202 1006 1238 1067 ΙΙΙ
1263 1006 1423 1084 (iliberto),
1448 1027 1501 1089 pa-

193 1093 701 1175 triarchaeHierosolymitanoacS
718 1094 873 1172 hingem,
882 1094 1015 1168 mandat,
1023 1110 1057 1155 ut
1064 1094 1348 1156 archidiaconatum
1357 1095 1502 1158 ecclesiae

196 1184 408 1245 Antiochenae
424 1184 558 1262 assignet
573 1184 703 1244 idoneae
720 1201 880 1264 personae.
897 1183 1039 1245 iohanne
1066 1183 1189 1261 scilicet,
1213 1183 1245 1245 S.
1264 1184 1379 1246 Mariae
1397 1186 1429 1246 in
1446 1185 1502 1245 Via

194 1273 251 1333 lata
258 1272 405 1333 cardinali
416 1273 558 1347 diacona,
567 1273 713 1352 magistro
723 1273 864 1333 iohanne
873 1285 904 1332 et
915 1273 958 1348 P,
973 1272 1085 1333 nuntio
1095 1273 1282 1354 patriarchae
1293 1274 1502 1351 Antiocheae,

194 1362 334 1423 auditore
350 1381 499 1422 concesso
521 1361 604 1423 idem
628 1359 771 1440 magister
793 1361 870 1422 olim
886 1377 1089 1441 proposuerat
1112 1379 1217 1423 coram
1240 1382 1287 1440 eo,
1312 1362 1409 1443 quod,
1429 1382 1502 1424 curn

194 1453 312 1526 Petrus,
329 1451 359 1511 S.
377 1449 514 1513 Marcelli
536 1450 698 1511 cardinalis
721 1453 879 1531 presbyter
899 1462 930 1510 et
954 1449 986 1514 S.
1003 1455 1039 1511 A.
1062 1451 1190 1528 legatus,
1212 1452 1251 1512 ad
1272 1468 1372 1532 partes
1397 1452 1501 1533 Syriae

195 1541 327 1601 venisset
342 1539 587 1620 etcomperisset,
599 1539 883 1601 archidiaconatum
896 1538 1124 1600 Antiochenum
1141 1541 1220 1601 ultra
1231 1540 1271 1601 Vl
1288 1541 1502 1603 hebdomades

194 1629 347 1690 vacavisse
363 1629 466 1709 itaque
483 1629 684 1690 donationem
708 1629 747 1690 ad
763 1627 875 1689 Sedem
891 1627 1102 1708 Apostolicam
1119 1629 1297 1690 devolutam
1320 1650 1397 1707 esse,
1421 1630 1502 1691 idem

195 1719 276 1779 dicto
293 1719 440 1798 magistro
456 1717 739 1779 archidiaconatum
756 1716 906 1778 concessit
916 1732 944 1777 et
954 1717 1141 1797 patriarchae
1151 1718 1405 1780 confirmandum
1415 1738 1500 1780 com-

195 1808 360 1869 mandavit.
387 1807 493 1882 Quem
508 1821 612 1867 tamen
629 1805 798 1887 patriarcha
813 1805 969 1883 (Peirasia
986 1806 1144 1883 recusavit,
1161 1826 1385 1888 quamquama
1401 1808 1503 1888 legato

194 1896 279 1978 apud
295 1895 487 1957 Antaradum
502 1909 638 1974 rogatus,
654 1915 756 1976 quum
770 1895 889 1955 dictum
899 1895 1184 1958 archidiaconatum
1200 1894 1260 1974 jam
1277 1897 1333 1958 uni
1348 1916 1386 1958 ex
1404 1916 1501 1978 nepo·

194 1986 276 2046 tibus
291 1985 355 2046 suis
371 1985 536 2046 contulisse
554 1984 758 2047 confirmaret.
777 1984 910 2061 Legatos
926 2000 1031 2045 autem
1047 1984 1157 2046 certior
1173 1984 1281 2061 factus,
1297 1986 1502 2048 donationem

195 2092 284 2136 suam
292 2075 455 2135 donationi
463 2073 651 2154 patriarchae
662 2073 859 2134 antecessisse
867 2087 896 2132 et
904 2073 1020 2134 dictum
1039 2090 1185 2155 nepotem
1193 2077 1231 2135 ab
1240 2091 1334 2135 aetate
1351 2077 1500 2137 canonica

195 2164 298 2225 adhuc
315 2163 446 2238 differre,
464 2163 579 2223 dictum
597 2163 780 2243 magistrum
796 2161 1028 2241 instituiteique
1045 2181 1098 2244 per
1114 2163 1249 2244 priorem
1261 2163 1457 2225 Bellimontis
1468 2182 1500 2225 ac

195 2251 377 2332 magistrum
394 2252 545 2313 Milonem
571 2266 746 2313 executores
771 2251 934 2332 deputatos
958 2246 1082 2312 stallum
1107 2251 1140 2313 in
1166 2253 1263 2314 choro
1288 2269 1318 2314 et
1339 2250 1446 2314 locum
1470 2254 1501 2314 in

197 2340 331 2423 capitulo
348 2341 495 2419 assignari
512 2341 589 2402 fecit.
621 2342 734 2402 Pariter
758 2341 795 2400 de
818 2340 906 2400 variis
922 2338 1103 2421 praebendis
1119 2343 1295 2403 vacantibus
1312 2359 1409 2403 unam
1427 2361 1502 2403 con·

198 2430 286 2492 cessit
302 2426 449 2512 Rogatio,
466 2427 591 2490 alteram
609 2424 846 2491 bartholomaeo
869 2428 984 2489 clericis
1000 2447 1030 2491 et
1045 2431 1195 2510 quasdam
1212 2431 1379 2492 sententias
1396 2449 1502 2492 contra

197 2518 400 2602 patriarcham
416 2518 631 2600 promulgavit,
657 2520 723 2596 sed,
745 2514 917 2594 (Gaufrido)
942 2518 1137 2600 Tripolitano
1161 2535 1191 2580 et
1216 2516 1274 2597 (N.)
1298 2518 1502 2581 Anteradensi

198 2607 349 2690 episcopis
366 2607 582 2684 mediantibus,
599 2628 634 2668 ea
651 2606 830 2670 conditione
845 2606 997 2679 relaxavit,
1020 2624 1055 2669 nt
1069 2606 1168 2669 dictus
1184 2607 1328 2688 magister
1352 2609 1501 2670 archidia·

198 2714 344 2760 conatum
361 2713 390 2757 et
406 2696 462 2779 ipsi
488 2697 553 2759 duo
578 2696 678 2758 clerici
703 2697 919 2758 canonicatum
944 2697 1127 2773 obtinerent,
1151 2698 1239 2778 quod
1264 2698 1336 2759 dicti
1363 2697 1501 2780 episcopi

198 2786 329 2864 Marino,
347 2786 564 2847 archidiacono
581 2784 764 2863 Nicosiensi‚
781 2801 941 2867 assumpto
959 2782 1145 2867 patriarchae
1161 2804 1193 2847 se
1210 2802 1418 2868 responsuros
1437 2806 1502 2848 esse

197 2875 322 2958 polliciti
339 2891 420 2938 sunt.
453 2874 573 2936 Deinde
590 2875 707 2953 legatus
730 2872 901 2936 nonnullos
918 2875 1082 2937 canonicos
1105 2891 1192 2936 antea
1216 2876 1502 2938 excommunicatos

195 2983 250 3048 per
266 2965 335 3043 (Ni,
358 2965 540 3047 episcopum
563 2962 790 3039 Valaniensem,
805 2963 921 3025 absolvi
937 2963 1013 3040 fecit
1036 2965 1089 3025 sed
1113 2964 1281 3046 patriarcha
1306 2960 1502 3047 Rlogerium)

196 3055 385 3117 antedictum
402 3057 614 3134 presbyterum
630 3053 814 3114 canonicum
836 3050 934 3113 facere
957 3053 1060 3115 noluit
1081 3052 1250 3115 ostendens
1272 3070 1328 3134 pet
1353 3055 1502 3116 nuntium

196 3162 299 3217 suum,
316 3162 416 3223 quum
435 3144 485 3205 W.
502 3142 663 3222 quondam
689 3138 941 3203 archidiaconum
958 3158 1028 3202 cum
1045 3136 1070 3203 ll
1086 3142 1304 3204 concanonicis
1328 3143 1408 3205 mari
1431 3145 1502 3205 sub-

195 3234 272 3294 latos
288 3232 381 3293 fuisse
398 3231 549 3292 diceretur
572 3233 656 3292 etde
673 3231 731 3292 illis
749 3250 850 3311 usque
867 3231 904 3291 ad
921 3232 1094 3312 passagium
1110 3251 1246 3312 sequens
1262 3230 1340 3293 nihil
1357 3233 1431 3294 certi
1445 3232 1503 3294 sci·

195 3336 288 3397 retur,
303 3340 335 3381 se
351 3321 389 3381 de
405 3320 655 3382 archidiaconatu
672 3321 835 3402 disponere
861 3338 926 3380 non
952 3338 1053 3402 posse.
1085 3321 1256 3383 Transacto
1271 3339 1346 3383 vero
1363 3324 1502 3384 secundo

195 3410 346 3491 passagio,
372 3409 403 3469 in
428 3428 495 3489 quo
520 3410 648 3470 assernit
673 3410 808 3488 legatum
834 3409 1010 3491 applicasse,
1031 3429 1132 3490 quum
1156 3410 1194 3470 de
1217 3410 1305 3470 dictis
1327 3411 1501 3492 periculum

196 3500 287 3560 maris
312 3514 473 3575 constaret,
500 3500 665 3579 patriarcha
691 3498 974 3559 archidiaconatum
1005 3499 1109 3579 nepoti
1135 3499 1182 3559 stri
1208 3499 1337 3561 contulit
1364 3514 1502 3580 eumque

196 3589 329 3648 Romam
346 3589 464 3649 mittere
481 3588 642 3669 disposuit,
659 3588 777 3667 legatus
793 3607 875 3660 vero,
890 3604 1083 3668 quamquam
1099 3603 1235 3668 rogatus,
1253 3606 1327 3649 eum
1344 3590 1429 3650 abire
1446 3609 1501 3651 no-

196 3678 260 3754 luit,
270 3677 439 3758 capitulum
448 3677 629 3758 deposuitet
636 3677 922 3754 excommunicavit,
939 3678 1023 3738 unde
1031 3677 1173 3758 princeps
1186 3691 1215 3737 et
1224 3678 1305 3739 cives
1316 3677 1501 3741 Antiocheni

194 3768 388 3827 occasionem
407 3781 596 3842 sumserunt,
613 3780 645 3826 ut
660 3766 871 3846 possessiones
894 3764 1036 3826 ecclesiae
1059 3767 1248 3827 devastarent
1271 3783 1300 3827 et
1324 3769 1421 3828 alium
1449 3784 1501 3850 pt·

194 3854 356 3916 triarcham
381 3877 397 3916 a
423 3855 562 3916 Surianis
587 3854 658 3933 eligi
685 3855 823 3917 facerem.
856 3855 1026 3916 patriarcha
1051 3872 1133 3931 vero,
1158 3872 1258 3935 quum
1281 3874 1319 3916 ex
1343 3856 1449 3918 litteris
1464 3859 1500 3917 ab

194 3945 543 4026 episcopoTripolitano
553 3944 1025 4025 acceptiscomperisset,dictum
1034 3944 1214 4022 magistrum
1225 3945 1499 4007 olimmontchum

194 4033 224 4095 S.
243 4035 376 4116 Spiritus
392 4035 431 4094 de
449 4036 602 4096 Panonno
614 4033 716 4111 fuisse,
727 4034 845 4093 curiam
856 4034 1031 4094 Romanam
1042 4032 1114 4093 adiit
1125 4048 1241 4113 petens,
1252 4048 1286 4094 ut
1296 4033 1346 4095 ille
1359 4036 1501 4115 magister

194 4138 223 4185 et
238 4124 408 4184 canonicus
435 4123 617 4201 R(0geriusi,
641 4123 695 4204 qui
719 4123 956 4183 concubinarius
979 4122 1160 4184 manifestus
1182 4138 1212 4183 et
1235 4123 1274 4183 ad
1291 4123 1501 4185 devincendos

194 4213 375 4273 christianos
392 4228 462 4273 ante
480 4227 614 4272 castrum
630 4213 789 4292 quoddam
807 4210 908 4291 lignea
925 4211 1127 4273 instrumenta
1144 4211 1251 4274 fecisse
1266 4211 1438 4289 dicebatur,
1456 4233 1500 4273 re-

193 4300 341 4379 jiceretur.
373 4300 463 4376 Quae
480 4320 579 4381 quum
595 4300 634 4361 ita
660 4301 729 4377 sint,
754 4322 831 4382 papa
855 4300 1041 4382 patriarchae
1058 4298 1345 4382 Hierosolymitano
1368 4303 1501 4373 mandat,

193 4406 227 4452 ut
242 4410 369 4452 causam
385 4390 521 4471 inquirat
537 4408 572 4450 ac
589 4390 708 4451 decidat
719 4388 849 4466 (balaae,
866 4389 921 4471 Ep.
939 4390 1043 4452 innoc.
1060 4386 1093 4463 ll,
1111 4409 1140 4471 p.
1157 4391 1339 4469 104-106,
1356 4393 1416 4452 No.
1433 4393 1498 4460 r86;

193 4480 372 4560 Migne,Ep.
389 4481 494 4541 innoc,
513 4480 546 4557 ll,
564 4500 593 4559 p.
618 4481 840 4549 1278-1282,
857 4478 915 4540 No.
938 4478 1013 4553 1863
1032 4478 1172 4540 Porthast
1189 4478 1250 4540 No.
1270 4479 1377 4561 3265).
1418 4476 1501 4540 827·

190 4635 198 4688 l
256 4564 359 4689 Vilulle
372 4562 459 4688 Petgro
474 4564 492 4623 1.
507 4562 529 4616 ΙΙ
543 4573 571 4617 et
584 4560 629 4628 Ill,
643 4562 809 4633 patriarchis
824 4562 1019 4623 antiochenis,
1042 4561 1078 4617 cf·
1092 4563 1153 4634 Rey
1172 4561 1201 4617 in
1214 4562 1312 4618 Revue
1332 4564 1369 4618 de
1382 4564 1500 4620 l'Orient

204 4647 240 4689 at.
320 4651 531 4707 .p.r3⁴—r4r.

280 4777 296 4797 „
342 4729 422 4789 Febr
443 4728 1499 4810 13.Laterani—innocentius111(albertamtpatriarchamHiero-

191 4819 414 4899 solymitanum
424 4816 535 4878 acS.A.
544 4817 813 4896 legatum,monet,
827 4818 1502 4898 utdesatisfactioneperlssohemundumIV),
