3398 5400
671 340 749 419 regni
763 335 1026 420 Hierosolymitani.
1438 341 1496 431 189

194 566 376 649 phylippus,
394 589 497 630 comes
515 569 685 646 Flandriae,
709 568 850 644 Raulfus,
867 587 972 628 comes
989 566 1199 641 Clarimontis,
1217 569 1322 645 Hug0‚
1340 569 1403 629 dux
1420 569 1498 629 Bur-

192 657 339 734 gundiae,
364 658 556 740 Lyppoldus,
580 659 644 718 dux
667 657 818 734 Austriae,
844 657 937 734 Relis,
961 660 1153 718 senescalcus
1172 658 1308 738 Templi,
1333 658 1497 736 Rogerius,

192 745 364 827 Hospitalis
379 764 568 828 praeceptor.
601 748 716 808 Datum
732 766 787 827 per
803 766 932 807 manunt
951 746 1092 820 Bandini‚
1116 747 1304 807 marchionis
1328 745 1498 807 cancellarii

193 835 450 911 (Talel-Thomas
467 837 489 914 Ι,
507 856 536 917 p.
556 837 818 916 212-215,N0.
838 838 896 911 763
921 836 958 896 cf.
976 836 1096 897 Chron.
1115 836 1261 908 Danduli,
1280 856 1309 917 p.
1331 855 1409 915 314,
1434 836 1498 895 Ro-

192 925 301 985 manin
318 924 352 1004 ll,
376 945 407 1006 p.
431 945 600 1007 133,413;
625 926 717 1006 Heyd
735 925 754 1000 l,
780 945 809 1006 p.
830 945 908 1005 3¹43
935 925 1029 1004 llgen,
1049 926 1206 1005 Markgraf
1219 926 1355 1002 Conrad,
1378 945 1407 1006 p.
1430 926 1498 995 toti,

192 1014 241 1074 ed.
259 1014 391 1095 Cipolla,
409 1035 438 1097 p.
463 1016 541 1092 ror).
1429 1011 1499 1073 705

242 1118 333 1180 1192
348 1121 376 1199 (t
390 1121 460 1201 191)
477 1122 588 1183 Octob.
604 1143 651 1203 13,
669 1122 732 1183 ind.
750 1123 786 1182 X.
805 1126 911 1182 Accon
928 1120 960 1182 in
977 1123 1074 1183 domo
1091 1122 1225 1203 Templi.
1239 1155 1280 1164 -
1292 1121 1466 1182 Richardus
1477 1121 1498 1197 1,

193 1229 245 1271 rex
263 1210 404 1290 Angliae,
424 1211 540 1273 Pisanis
556 1212 662 1272 omnia
679 1210 744 1289 jura
762 1227 790 1272 et
807 1211 975 1292 privilegia,
993 1231 1072 1291 quae
1090 1232 1105 1271 a
1122 1212 1280 1287 Gnidone,
1299 1231 1369 1288 rege
1387 1211 1499 1271 Hiero-

194 1299 393 1380 solymitan0,
411 1320 535 1361 necnon
553 1301 694 1361 fratribus
711 1301 835 1381 Templi
853 1317 881 1360 et
897 1301 1067 1381 Hospitalis
1083 1316 1277 1380 acceperunt,
1301 1301 1402 1379 sigillo
1424 1318 1499 1359 con-

194 1387 305 1450 firmat.
329 1423 373 1432 —
397 1390 503 1452 Guido
527 1410 593 1467 rex,
618 1391 681 1450 dux
705 1390 917 1469 Burgundius,
944 1408 1049 1451 comes
1075 1390 1240 1467 Henricus,
1267 1389 1436 1451 Garnerius
1462 1389 1499 1448 de

194 1478 336 1559 Neapoli,
354 1479 497 1558 magister
514 1477 693 1561 Hospitalis,
712 1479 867 1539 Robertus
883 1479 921 1538 de
938 1479 1109 1554 Sabluillio,
1121 1480 1264 1557 magister
1274 1478 1409 1559 Templi,
1427 1478 1500 1539 Gal-

194 1566 300 1628 fredus
317 1569 354 1628 de
372 1569 527 1630 Lezinieo.
544 1603 587 1612 -
604 1570 819 1629 Bonaccursus
836 1584 891 1629 etc.
910 1568 958 1644 (G.
977 1569 1098 1645 Muller,
1117 1589 1145 1649 p.
1162 1570 1300 1648 58-5o‚
1319 1569 1378 1629 No,
1394 1589 1430 1647 35
1451 1565 1498 1646 [cf.

194 1675 224 1737 p.
236 1655 440 1736 424—427];
459 1657 603 1731 Bonaini,
622 1658 759 1738 Diplom.
771 1658 883 1733 Pisan,
902 1677 930 1738 p.
951 1660 1024 1733 1183
1043 1658 1080 1718 cl.
1096 1658 1224 1731 Trunci,
1242 1657 1353 1717 Attnal.
1367 1657 1466 1716 Pisan.
1479 1655 1499 1729 1,

196 1764 225 1826 p.
246 1747 325 1826 3873
351 1747 500 1808 Archives
517 1749 546 1809 d.
565 1747 648 1808 miss.
666 1746 807 1825 scientis,
826 1747 845 1807 l.
863 1766 888 1807 c.
907 1767 936 1827 p.
957 1748 1039 1827 363).
1432 1742 1501 1804 706

277 1899 296 1929 ,,
345 1857 461 1915 Accon.
480 1888 521 1898 -
540 1854 694 1915 Henricus
710 1854 840 1930 Trecus,
861 1873 966 1914 comes
982 1853 1145 1934 palatinus,
1169 1873 1324 1914 consensu
1343 1853 1501 1913 Ysabellae

196 1944 301 2003 uxoris
310 1943 528 2019 Januensibus,
540 1945 593 2024 qui
612 1944 644 2004 in
660 1943 742 2003 bello
759 1962 844 2003 sacro
857 1942 1040 2004 fortissimos
1050 1964 1081 2003 se
1093 1945 1312 2024 praebuerunt,
1325 1963 1379 2024 per
1390 1962 1501 2002 manus

195 2032 339 2094 Nicholai
351 2032 498 2111 Cartoligi
515 2049 544 2093 et
562 2034 684 2111 Ugonis
702 2032 832 2093 l.ercarii
849 2033 1016 2093 consulum
1034 2032 1332 2113 privilegiumsupra
1344 2033 1413 2108 (No.
1427 2033 1500 2110 691]

196 2138 404 2183 memoratum
421 2138 562 2203 repetens
578 2121 679 2202 sigillo
691 2121 862 2183 confirmat.
879 2155 922 2165 —
940 2122 1092 2182 lialeanus
1103 2122 1140 2182 de
1153 2121 1297 2199 erelino,
1310 2121 1501 2201 Reginaldus

196 2210 342 2292 Sydonis,
367 2211 463 2290 Hugo
479 2211 672 2293 Tiberyadis,
691 2211 900 2288 Guillielmus,
919 2211 1009 2272 frater
1025 2210 1100 2288 ejus,
1118 2210 1272 2272 Galterius
1290 2212 1405 2287 Durus,
1426 2210 1501 2270 Milo

195 2300 344 2377 Brebanz,
369 2301 534 2361 Antelmus
556 2302 594 2361 de
619 2302 711 2376 Luca,
737 2303 911 2362 Bernartius
935 2301 972 2361 de
995 2300 1141 2381 Templo.
1167 2301 1281 2361 Datum
1302 2320 1356 2381 per
1372 2319 1500 2360 manum

196 2389 687 2471 Joscii,Tyrensisarchiepiscopi,
697 2389 783 2469 regni
793 2390 1104 2466 cancellariinotahii)
1114 2390 1236 2451 Radulh
1246 2388 1469 2465 (liberjurium
1480 2387 1501 2464 l,

198 2497 227 2559 p.
239 2498 425 2558 405-407,
443 2479 503 2540 No,
521 2499 602 2559 4o5;
620 2480 657 2541 cf.
670 2481 818 2541 Archives
834 2481 864 2540 d.
883 2480 965 2541 miss.
983 2479 1124 2557 scientis,
1142 2480 1161 2540 l.
1178 2499 1204 2539 c.
1223 2478 1256 2556 ll,
1274 2499 1303 2560 p.
1324 2480 1406 2559 362).
1432 2473 1500 2535 707

246 2581 336 2644 1193
352 2586 418 2646 lan.
442 2619 486 2627 —
510 2585 688 2647 Gaufredus
712 2587 748 2647 de
773 2585 914 2665 Donjon,
941 2587 1084 2665 magister
1109 2585 1290 2667 Hospitalis,
1314 2584 1502 2665 quibusdam

198 2674 430 2736 conditionibus
447 2674 624 2735 Valeniensi
641 2676 788 2756 episcopo
806 2693 833 2737 et
850 2676 994 2736 ecclesiae
1011 2675 1146 2736 decimas
1161 2690 1191 2735 et
1207 2674 1345 2735 redditus
1361 2674 1501 2734 territorii

199 2764 328 2842 Margati
344 2764 488 2825 concedit
503 2781 532 2824 et
548 2764 650 2843 sigillo
667 2764 838 2826 confirmat.
856 2798 898 2808 -
917 2765 1074 2826 Dominus
1090 2765 1256 2845 episcopus
1273 2764 1502 2841 Anteradensis,

199 2853 385 2934 Stephanus,
404 2853 586 2914 castellanus
604 2854 742 2932 Margati,
755 2854 844 2914 frater
855 2854 962 2915 Petrus
974 2855 1011 2914 de
1024 2853 1207 2930 Mirmanda,
1218 2853 1398 2913 castellanus
1409 2853 1502 2925 Crati,

199 2941 289 3003 frater
300 2942 479 3004 Willelmus
496 2943 700 3017 Lombardus,
714 2943 803 3003 frater
819 2941 1016 3003 Raimundus
1028 2943 1106 3004 Petri
1118 2942 1211 3023 prior,
1224 2942 1314 3003 frater
1323 2940 1503 3002 Willelntus

199 3031 303 3093 Borrel
329 3033 540 3108 marescalcus,
565 3032 654 3093 frater
678 3031 829 3093 Martinus
848 3032 1019 3094 Gotzaldus
1035 3048 1225 3113 praeceptor,
1244 3031 1333 3092 frater
1350 3031 1504 3092 Robertus

199 3120 236 3181 de
254 3121 406 3202 Capenni,
431 3122 606 3182 Bernardus
622 3122 660 3182 de
677 3121 918 3202 sollempniaco,
944 3121 1034 3182 frater
1056 3122 1181 3182 Bertran
1205 3122 1243 3183 de
1266 3122 1396 3202 Pignan,
1415 3120 1505 3180 frater

199 3210 387 3272 Gillebertus
403 3226 432 3271 et
448 3230 543 3290 quam
562 3210 688 3291 plurimi
706 3212 820 3286 fratres,
839 3212 945 3272 Petrus
963 3211 1000 3271 de
1019 3211 1127 3287 Fuare,
1146 3211 1253 3272 Petrus
1264 3212 1302 3272 de
1313 3211 1459 3290 Coquina
1476 3226 1504 3269 et

199 3299 307 3373 ceteri,
325 3300 363 3361 de
381 3299 546 3361 militibus:
564 3301 751 3361 Bertrandus
768 3302 805 3361 de
822 3300 953 3380 Gibelet,
971 3300 1148 3381 Stephanus
1165 3301 1294 3377 Daillan,
1319 3299 1503 3378 Antalricus,

200 3389 290 3450 lrater
305 3387 382 3467 ejus,
407 3389 585 3451 Aimlredus
602 3407 631 3451 et
647 3391 804 3450 lohannes
820 3390 858 3450 de
876 3390 1090 3468 Meimendat,
1114 3391 1231 3465 Adam3
1258 3391 1363 3450 Petrus
1386 3389 1504 3450 Salerni

201 3493 230 3538 et
248 3479 354 3539 Petrus
371 3478 492 3539 Scribae
510 3480 661 3554 canonici,
679 3479 790 3540 Simon
808 3479 1037 3557 Anteradensis,
1054 3479 1290 3540 archidiaconus
1300 3477 1504 3557 Valeniensis,

200 3566 407 3644 Bernlardus),
419 3568 526 3628 Petrus
537 3569 654 3629 Ascalis
665 3585 693 3629 et
704 3567 843 3630 pascalis.
869 3568 996 3629 Factum
1008 3588 1063 3650 per
1080 3588 1208 3630 manum
1221 3568 1344 3630 Radulh
1356 3568 1504 3649 capellani

200 3655 302 3734 (Paris,
318 3657 411 3717 Arch.
430 3657 546 3718 nation.
565 3659 609 3719 M.
629 3677 657 3738 2,
674 3660 734 3719 Νο.
758 3678 788 3732 13
807 3658 844 3718 cf.
863 3657 1009 3718 Delaville
1026 3659 1053 3718 le
1072 3658 1184 3735 Roulx,
1203 3679 1232 3739 p.
1252 3660 1330 3731 218;
1349 3659 1387 3718 de
1403 3656 1505 3736 sigillo

200 3745 336 3824 magistri
360 3745 456 3806 nostri
480 3746 517 3807 cf.
536 3747 641 3808 Dou'e't
657 3748 771 3828 d'Arcq
789 3749 850 3808 Νο.
869 3749 955 3826 9880
979 3763 1008 3808 et
1030 3747 1069 3809 G.
1088 3747 1327 3827 Schluntberger
1347 3747 1379 3807 in
1397 3747 1504 3807 Muse‘e

200 3835 333 3897 arche'ol.
352 3835 386 3912 ll,
404 3854 433 3915 p.
454 3856 638 3916 339-340,
656 3838 716 3897 No.
737 3838 797 3916 32).
1435 3832 1505 3894 708

282 3986 301 4017 „
347 3942 412 4002 lan.
442 3942 568 4023 loppae.
592 3976 636 3985 -
659 3942 814 4004 Henricus
836 3944 1010 4021 Trecensis,
1034 3963 1139 4005 comes
1162 3944 1324 4024 palatinus,
1348 3962 1504 4005 consensu

202 4030 306 4091 uxoris
317 4030 460 4107 lsabellis,
473 4032 635 4111 quondam
651 4031 731 4111 regis
742 4033 886 4093 Amalrici
904 4032 915 4093 Ι
933 4032 1021 4111 filiae,
1037 4032 1191 4115 Hospitali
1209 4053 1263 4114 per
1280 4051 1408 4093 manum
1420 4031 1505 4093 Gau-

202 4119 312 4197 fredi1)
329 4118 464 4199 magistri
481 4120 576 4181 donat
593 4137 622 4181 et
638 4121 738 4199 sigillo
755 4121 1086 4203 confirmatquandatn
1100 4139 1210 4184 terram
1223 4122 1346 4183 castello
1356 4120 1504 4202 loppensi

200 4208 334 4270 vicinam
345 4228 416 4270 cum
434 4209 458 4269 ΙΙ
475 4209 622 4286 turribus,
634 4211 780 4272 domibus
798 4227 825 4272 et
841 4213 977 4291 graminis,
990 4232 1069 4293 quse
1085 4211 1163 4273 infra
1180 4211 1278 4293 ipsam
1295 4228 1405 4272 terram
1422 4227 1504 4287 sunt,

201 4319 217 4359 a
234 4298 309 4359 turri
326 4298 440 4360 scilicet
456 4299 534 4359 dicta
551 4300 729 4381 Hospitalis,
747 4319 827 4380 quae
851 4301 965 4362 ibidem
990 4322 1096 4363 versus
1112 4303 1306 4363 occidentem
1323 4301 1405 4380 juxta
1422 4319 1505 4360 mare

201 4403 376 4450 constructa
401 4405 455 4465 est,
483 4409 582 4469 usque
608 4390 647 4450 ad
672 4406 762 4471 caput
788 4390 931 4451 ecclesiae
958 4391 988 4452 S.
1014 4391 1177 4472 Sepulchri
1202 4392 1376 4452 extenditur
1400 4409 1506 4450 versus

202 4477 374 4554 meridiem,
392 4496 471 4557 quae
489 4479 520 4538 in
538 4479 692 4540 honorem
709 4480 744 4540 B.
758 4479 833 4539 Petri
853 4479 979 4540 fundata
997 4480 1053 4542 luit
1068 4501 1085 4541 a
1101 4480 1274 4542 christianis
1282 4480 1378 4541 Terra
1395 4479 1505 4540 Sancta

276 4617 297 4682 ¹)
317 4616 352 4669 de
366 4612 485 4686 Donjon
498 4617 647 4687 (Herquet,
661 4616 811 4671 Chronolo
833 4617 870 4686 ie,
890 4635 916 4688 p.
933 4635 999 4690 35-
1020 4618 1059 4687 6),
1080 4618 1115 4672 de
1128 4616 1209 4672 cu'us
1227 4616 1318 4688 sigillo
1333 4615 1467 4672 Delaville
1480 4616 1506 4670 le

201 4684 295 4741 Roulx
307 4684 406 4766 (Me'm.
416 4687 442 4767 d..
451 4685 537 4767 antiq.
552 4688 587 4741 de
601 4687 709 4742 Franco
727 4688 801 4758 1880,
814 4634 885 4755 ltLt,
899 4706 925 4759 p.
935 4692 990 4768 09).
1003 4637 1034 4743 ln
1048 4690 1160 4744 chrono
1173 4689 1238 4761 ogia
1253 4688 1377 4760 magistr.
1391 4687 1505 4756 (Archi-

202 4773 251 4812 ves
266 4759 291 4812 d.
306 4775 382 4812 mtss.
398 4758 517 4812 serentis.
536 4759 611 4884 Ἢ,
625 4776 651 4829 p.
666 4760 710 4831 27)
724 4761 929 4830 praedecessor
942 4778 1002 4887 ebus
1015 4774 1136 4816 vocatur
1148 4762 1388 4832 Hennengaudus
1402 4761 1506 4830 d'Aps;

203 4827 238 4883 de
252 4828 349 4902 regula
362 4829 554 4897 successoris(
601 4829 668 4885 ’onsi
677 4832 712 4886 de
722 4831 898 4903 l'ortugalia)
907 4831 941 4887 cf.
980 4832 1086 4888 elaville
1101 4832 1126 4887 le
1140 4833 1231 4888 Roulx
1245 4832 1271 4887 in
1281 4832 1353 4886 Bibl.
1362 4833 1398 4886 de
1406 4830 1506 4887 l'e'cole
1525 4864 1528 4873 ·

203 4900 229 4954 d.
243 4901 354 4956 chartes
372 4900 447 4974 1887,
460 4918 486 4972 p.
501 4920 560 4974 349.
